
@book{tavani_ethics_2013,
	address = {Hoboken, NJ},
	edition = {4},
	title = {Ethics and {Technology}: {Controversies}, {Questions}, and {Strategies} for {Ethical} {Computing}},
	shorttitle = {Ethics and {Technology}},
	publisher = {Wiley},
	author = {Tavani, Herman T.},
	year = {2013},
}

@incollection{darowski_relacja_2006,
	address = {Kraków},
	title = {Relacja etyczno-psychologiczna w ujęciu obiektowym},
	booktitle = {Philosophiae \& musicae: księga pamiątkowa z okazji jubileuszu 75-lecia urodzin księdza profesora {Stanisława} {Ziemiańskiego} {SJ}},
	publisher = {"Ignatianum" - Wydawnictwo WAM},
	author = {Janusz, Robert},
	editor = {Darowski, Roman},
	year = {2006},
	pages = {375--380},
}

@book{polak_oblicza_2017,
	address = {Kraków},
	title = {Oblicza filozofii w nauce: księga pamiątkowa z okazji 80. urodzin {Michała} {Hellera}},
	publisher = {Copernicus Center Press},
	editor = {Polak, Paweł and Mączka, Janusz and Grygiel, Wojciech P.},
	year = {2017},
	note = {16.5 arkusza},
}

@article{polak_philosophy_2019,
	title = {Philosophy in science: {A} name with a long intellectual tradition},
	shorttitle = {Philosophy in science},
	url = {https://zfn.edu.pl/index.php/zfn/article/view/472},
	number = {66},
	urldate = {2021-10-06},
	journal = {Philosophical Problems in Science (Zagadnienia Filozoficzne w Nauce)},
	author = {Polak, Paweł},
	year = {2019},
	pages = {251--270},
}

@article{cervantes_artificial_2019,
	title = {Artificial {Moral} {Agents}: {A} {Survey} of the {Current} {Status}},
	shorttitle = {Artificial {Moral} {Agents}},
	url = {http://link.springer.com/10.1007/s11948-019-00151-x},
	doi = {10.1007/s11948-019-00151-x},
	urldate = {2019-11-26},
	journal = {Science and Engineering Ethics},
	author = {Cervantes, José-Antonio and López, Sonia and Rodríguez, Luis-Felipe and Cervantes, Salvador and Cervantes, Francisco and Ramos, Félix},
	year = {2019},
}

@article{polak_ethics_2020,
	title = {Ethics in autonomous robots as philosophy in silico: {The} study case of phronetic machine ethics},
	shorttitle = {Ethics in autonomous robots as philosophy in silico},
	doi = {10.15633/lie.3576},
	number = {52},
	journal = {Logos i Ethos},
	author = {Polak, Paweł and Krzanowski, Roman},
	year = {2020},
	pages = {33--48},
}

@book{baudrillard_simulacra_1994,
	address = {Ann Arbor},
	title = {Simulacra and {Simulation}},
	publisher = {University of Michigan Press},
	author = {Baudrillard, Jean},
	year = {1994},
	note = {OCLC: 642283106},
}

@book{smith_promise_2019,
	address = {Cambridge, MA},
	title = {The {Promise} of {Artificial} {Intelligence}: {Reckoning} and {Judgment}},
	shorttitle = {The {Promise} of {Artificial} {Intelligence}},
	publisher = {The MIT Press},
	author = {Smith, Brian Cantwell},
	year = {2019},
}

@article{polak_phronetic_2020,
	title = {Phronetic {Ethics} in {Social} {Robotics}: {A} {New} {Approach} to {Building} {Ethical} {Robots}},
	volume = {63},
	shorttitle = {Phronetic {Ethics} in {Social} {Robotics}},
	url = {https://content.sciendo.com/view/journals/slgr/63/1/article-p165.xml},
	doi = {10.2478/slgr-2020-0033},
	number = {1},
	urldate = {2020-11-09},
	journal = {Studies in Logic, Grammar and Rhetoric},
	author = {Polak, Paweł and Krzanowski, Roman},
	year = {2020},
	note = {Publisher: Sciendo
Section: Studies in Logic, Grammar and Rhetoric},
	pages = {165--183},
}

@book{wooldridge_road_2021,
	address = {London, UK},
	title = {The {Road} to {Conscious} {Machines}: {The} {Story} of {AI}},
	shorttitle = {The {Road} to {Conscious} {Machines}},
	publisher = {Penguin},
	author = {Wooldridge, Michael},
	year = {2021},
}

@article{wieczorek_conscience_2021,
	title = {The {Conscience} of a {Machine}? {Artificial} {Intelligence} and the {Problem} of {Moral} {Responsibility}},
	shorttitle = {Sumienie maszyny?},
	url = {https://journals.us.edu.pl/index.php/ERRGO/article/view/10418},
	doi = {10.31261/errgo.10418},
	number = {42},
	urldate = {2021-09-24},
	journal = {Er(r)go. Teoria - Literatura - Kultura},
	author = {Wieczorek, Krzysztof Tomasz and Jędrzejko, Paweł},
	year = {2021},
	note = {Number: 42},
	pages = {15--34},
}

@article{suchacka_human_2021,
	title = {Human and machine creativity: social and ethical aspects of the development of artificial intelligence},
	volume = {14},
	shorttitle = {Human and machine creativity},
	url = {https://journals.vgtu.lt/index.php/CS/article/view/14316},
	doi = {10.3846/cs.2021.14316},
	number = {2},
	urldate = {2021-11-05},
	journal = {Creativity Studies},
	author = {Suchacka, Małgorzata and Muster, Rafał and Wojewoda, Mariusz},
	year = {2021},
	pages = {430--443},
}

@book{wildman_spirit_2021,
	address = {New York},
	edition = {First edition},
	title = {Spirit {Tech}: {The} {Brave} {New} {World} of {Consciousness} {Hacking} and {Enlightenment} {Engineering}},
	shorttitle = {Spirit {Tech}},
	publisher = {St. Martin's Press},
	author = {Wildman, Wesley J. and Stockly, Kate J.},
	year = {2021},
}

@article{krzanowski_road_2021,
	title = {The road to conscious machines: {AI} through failed ideas},
	shorttitle = {The road to conscious machines},
	url = {https://zfn.edu.pl/index.php/zfn/article/view/556},
	number = {70},
	urldate = {2021-12-28},
	journal = {Philosophical Problems in Science (Zagadnienia Filozoficzne w Nauce)},
	author = {Krzanowski, Roman},
	year = {2021},
	pages = {171--181},
}

@article{heller_how_2019,
	title = {How is philosophy in science possible?},
	url = {https://zfn.edu.pl/index.php/zfn/article/view/482},
	number = {66},
	urldate = {2021-10-06},
	journal = {Philosophical Problems in Science (Zagadnienia Filozoficzne w Nauce)},
	author = {Heller, Michał},
	year = {2019},
	pages = {231--249},
}

@article{polak_krakow_2022,
	title = {The {Kraków} {School} of {Philosophy} in {Science}: {Profiting} from {Two} {Traditions}},
	doi = {10.14394/edufil.2022.0023},
	number = {2(74)},
	journal = {Edukacja Filozoficzna},
	author = {Polak, Paweł and Trombik, Kamil},
	year = {2022},
	pages = {205--229},
}

@article{balle_theological_2022,
	title = {Theological {Dimensions} of {Humanlike} {Robots}: {A} {Roadmap} for {Theological} {Inquiry}},
	shorttitle = {Theological {Dimensions} of {Humanlike} {Robots}},
	url = {https://www.tandfonline.com/doi/full/10.1080/14746700.2022.2155916},
	doi = {10.1080/14746700.2022.2155916},
	urldate = {2022-12-29},
	journal = {Theology and Science},
	author = {Balle, Simon},
	year = {2022},
	pages = {1--25},
}

@book{russell_problems_1912,
	title = {The {Problems} of {Philosophy}},
	url = {http://archive.org/details/problemsofphilo00russuoft},
	urldate = {2023-01-05},
	publisher = {New York : H. Holt},
	author = {Russell, Bertrand},
	year = {1912},
}

@article{polak_theory_2023,
	title = {The {Theory} of {Relativity} and {Theology}: {The} {Neo}-{Thomist} {Science}–{Theology} {Separation} vs. {Michael} {Heller}’s {Path} to {Dialogue}},
	volume = {21},
	shorttitle = {The {Theory} of {Relativity} and {Theology}},
	url = {https://doi.org/10.1080/14746700.2022.2155917},
	doi = {10.1080/14746700.2022.2155917},
	number = {1},
	urldate = {2023-02-10},
	journal = {Theology and Science},
	author = {Polak, Paweł and Rodzeń, Jacek},
	year = {2023},
	note = {Publisher: Routledge},
	pages = {157--174},
}

@article{gordon_building_2020,
	title = {Building {Moral} {Robots}: {Ethical} {Pitfalls} and {Challenges}},
	volume = {26},
	shorttitle = {Building {Moral} {Robots}},
	url = {https://doi.org/10.1007/s11948-019-00084-5},
	doi = {10.1007/s11948-019-00084-5},
	number = {1},
	urldate = {2023-06-02},
	journal = {Science and Engineering Ethics},
	author = {Gordon, John-Stewart},
	year = {2020},
	pages = {141--157},
}

@incollection{salamon_religia_2016,
	address = {Kraków},
	series = {Przewodniki po {Filozofii}},
	title = {Religia a technika},
	booktitle = {Przewodnik po filozofii religii: nurt analityczny},
	publisher = {Wydawnictwo WAM},
	author = {Rodzeń, Jacek},
	editor = {Salamon, Janusz},
	year = {2016},
	pages = {403--419},
}

@book{mitcham_thinking_1994,
	address = {Chicago},
	title = {Thinking {Through} {Technology} {The} {Path} {Between} {Engineering} {And} {Philosophy}},
	url = {http://archive.org/details/ThinkingThroughTechnologyThePathBetweenEngineeringAndPhilosophy},
	urldate = {2023-07-13},
	publisher = {University of Chicago Press},
	author = {Mitcham, Carl},
	year = {1994},
}

@article{olaniran_social_2020,
	title = {Social {Media} {Effects}: {Hijacking} {Democracy} and {Civility} in {Civic} {Engagement}},
	shorttitle = {Social {Media} {Effects}},
	url = {https://www.ncbi.nlm.nih.gov/pmc/articles/PMC7343248/},
	doi = {10.1007/978-3-030-36525-7_5},
	urldate = {2023-07-13},
	journal = {Platforms, Protests, and the Challenge of Networked Democracy},
	author = {Olaniran, Bolane and Williams, Indi},
	year = {2020},
	pmid = {null},
	pmcid = {PMC7343248},
	pages = {77--94},
}

@article{reveley_understanding_2013,
	title = {Understanding {Social} {Media} {Use} as {Alienation}: {A} {Review} and {Critique}},
	volume = {10},
	shorttitle = {Understanding {Social} {Media} {Use} as {Alienation}},
	url = {https://doi.org/10.2304/elea.2013.10.1.83},
	doi = {10.2304/elea.2013.10.1.83},
	number = {1},
	urldate = {2023-07-13},
	journal = {E-Learning and Digital Media},
	author = {Reveley, James},
	year = {2013},
	note = {Publisher: SAGE Publications},
	pages = {83--94},
}

@article{selinger_normalizing_2021,
	title = {Normalizing {Surveillance}},
	volume = {22},
	url = {https://www.degruyter.com/document/doi/10.1515/sats-2021-0002/html},
	doi = {10.1515/sats-2021-0002},
	number = {1},
	urldate = {2023-07-13},
	journal = {SATS},
	author = {Selinger, Evan and Rhee, Hyo Joo (Judy)},
	year = {2021},
	note = {Publisher: De Gruyter},
	pages = {49--74},
}

@article{galic_bentham_2017,
	title = {Bentham, {Deleuze} and {Beyond}: {An} {Overview} of {Surveillance} {Theories} from the {Panopticon} to {Participation}},
	volume = {30},
	shorttitle = {Bentham, {Deleuze} and {Beyond}},
	url = {https://doi.org/10.1007/s13347-016-0219-1},
	doi = {10.1007/s13347-016-0219-1},
	number = {1},
	urldate = {2023-07-13},
	journal = {Philosophy \& Technology},
	author = {Galič, Maša and Timan, Tjerk and Koops, Bert-Jaap},
	year = {2017},
	pages = {9--37},
}

@article{cobbe_algorithmic_2021,
	title = {Algorithmic {Censorship} by {Social} {Platforms}: {Power} and {Resistance}},
	volume = {34},
	shorttitle = {Algorithmic {Censorship} by {Social} {Platforms}},
	url = {https://doi.org/10.1007/s13347-020-00429-0},
	doi = {10.1007/s13347-020-00429-0},
	number = {4},
	urldate = {2023-07-13},
	journal = {Philosophy \& Technology},
	author = {Cobbe, Jennifer},
	year = {2021},
	pages = {739--766},
}

@misc{hottois_technoscience_2023,
	title = {Technoscience},
	url = {https://www.encyclopedia.com/science/encyclopedias-almanacs-transcripts-and-maps/technoscience},
	urldate = {2023-10-02},
	journal = {Encyclopedia of Science, Technology, and Ethics. . Encyclopedia.com},
	author = {Hottois, Gilbert},
	translator = {Lynch, James A.},
	year = {2023},
}

@book{brozek_philosophy_2011,
	address = {Kraków},
	title = {Philosophy in {Science}: {Methods} and {Applications}},
	shorttitle = {Philosophy in {Science}},
	publisher = {Copernicus Center Press : Konsorcjum Akademickie. Wydawnictwo},
	editor = {Brożek, Bartosz and Mączka, Janusz and Grygiel, Wojciech P.},
	year = {2011},
}

@incollection{franssen_philosophy_2023,
	address = {Stanford, CA},
	edition = {Spring 2023},
	title = {Philosophy of {Technology}},
	url = {https://plato.stanford.edu/entries/technology/},
	urldate = {2023-10-02},
	booktitle = {The {Stanford} {Encyclopedia} of {Philosophy}},
	publisher = {Metaphysics Research Lab, Stanford University},
	author = {Franssen, Maarten and Lokhorst, Gert-Jan and van de Poel, Ibo},
	editor = {Zalta, Edward N. and Nodelman, Uri},
	year = {2023},
}

@incollection{janeczek_nauka_2019,
	address = {Lublin},
	series = {Dydaktyka {Filozofii}},
	title = {Nauka a technika (technonauka)},
	number = {9},
	booktitle = {Metodologia nauk. {Cz}. 1: {Czym} jest nauka?},
	publisher = {Wydawnictwo KUL},
	author = {Rodzeń, Jacek},
	editor = {Janeczek, Stanisław and Walczak, Monika and Starościc, Anna and Wydział Filozofii (Katolicki Uniwersytet Lubelski Jana Pawła II)},
	year = {2019},
	pages = {655--681},
}

@book{ovitt_restoration_1987,
	address = {New Brunswick},
	title = {The {Restoration} of {Perfection}: {Labor} and {Technology} in {Medieval} {Culture}},
	shorttitle = {The {Restoration} of {Perfection}},
	publisher = {Rutgers University Press},
	author = {Ovitt, George},
	year = {1987},
}

@incollection{smolnik_praxiological_2018,
	address = {Cham},
	title = {A praxiological model of creative actions in the field of mechanical engineering},
	url = {https://doi.org/10.1007/978-3-319-96532-1_13},
	urldate = {2023-10-09},
	booktitle = {Advances and {Impacts} of the {Theory} of {Inventive} {Problem} {Solving}: {The} {TRIZ} {Methodology}, {Tools} and {Case} {Studies}},
	publisher = {Springer International Publishing},
	author = {Smolnik, Maksymilian},
	editor = {Koziołek, Sebastian and Chechurin, Leonid and Collan, Mikael},
	year = {2018},
	doi = {10.1007/978-3-319-96532-1_13},
	pages = {135--145},
}

@article{smolnik_comparative_2017,
	title = {A {Comparative} {Analysis} of {Praxiological} {Networks} and {Selected} {IDEF} {Models}},
	volume = {4},
	url = {https://www.etria.eu/innovator/ETRIAjournal2017vol04.pdf},
	number = {2},
	urldate = {2023-10-09},
	journal = {INNOVATOR. Journal of the European TRIZ Association},
	author = {Smolnik, Maksymilian},
	year = {2017},
	pages = {4--11},
}

@book{dias_philosophy_2019,
	address = {Singapore},
	series = {{SpringerBriefs} in {Applied} {Sciences} and {Technology}},
	title = {Philosophy for {Engineering}: {Practice}, {Context}, {Ethics}, {Models}, {Failure}},
	shorttitle = {Philosophy for {Engineering}},
	url = {http://link.springer.com/10.1007/978-981-15-1271-1},
	urldate = {2023-12-08},
	publisher = {Springer},
	author = {Dias, Priyan},
	year = {2019},
	doi = {10.1007/978-981-15-1271-1},
}
