
@book{heller_podgladanie_2008,
	address = {Kraków},
	title = {Podglądanie wszechświata},
	publisher = {Wydawnictwo "Znak"},
	author = {Heller, Michał},
	collaborator = {Szczerbińska-Polak, Małgorzata and Polak, Paweł},
	year = {2008},
}

@article{dodig-crnkovic_alan_2012,
	title = {Alan {Turing}'s legacy: {Info-computational} philosophy of nature},
	shorttitle = {Alan {Turing}'s {Legacy}},
	url = {http://arxiv.org/abs/1207.1033},
	urldate = {2014-10-21},
	journal = {arXiv:1207.1033 [cs]},
	author = {Dodig-Crnkovic, Gordana},
	year = {2012},
	note = {arXiv: 1207.1033},
}

@book{heller_nauka_1995,
	address = {Kraków},
	title = {Nauka i wyobraźnia},
	publisher = {Wydawnictwo "Znak"},
	author = {Heller, Michał},
	year = {1995},
}

@book{heller_philosophy_2011,
	address = {Berlin, Heidelberg},
	title = {Philosophy in {Science}},
	url = {http://link.springer.com/10.1007/978-3-642-17705-7},
	urldate = {2016-12-10},
	publisher = {Springer Berlin Heidelberg},
	author = {Heller, Michael},
	year = {2011},
	doi = {10.1007/978-3-642-17705-7},
}

@article{turek_filozoficzne_1978,
	title = {Filozoficzne aspekty pojęcia informacji},
	number = {1},
	journal = {Philosophical Problems in Science (Zagadnienia Filozoficzne w Nauce)},
	author = {Turek, Krzysztof},
	year = {1978},
	pages = {32--41},
}

@article{turek_rozwazania_1981,
	title = {Rozważania o pojęciu struktury},
	number = {3},
	journal = {Philosophical Problems in Science (Zagadnienia Filozoficzne w Nauce)},
	author = {Turek, Krzysztof},
	year = {1981},
	pages = {73--95},
}

@article{polak_philosophy_2019,
	title = {Philosophy in science: {A} name with a long intellectual tradition},
	shorttitle = {Philosophy in science},
	url = {https://zfn.edu.pl/index.php/zfn/article/view/472},
	number = {66},
	urldate = {2021-10-06},
	journal = {Philosophical Problems in Science (Zagadnienia Filozoficzne w Nauce)},
	author = {Polak, Paweł},
	year = {2019},
	pages = {251--270},
}

@article{heller_how_2019,
	title = {How is philosophy in science possible?},
	url = {https://zfn.edu.pl/index.php/zfn/article/view/482},
	number = {66},
	urldate = {2021-10-06},
	journal = {Philosophical Problems in Science (Zagadnienia Filozoficzne w Nauce)},
	author = {Heller, Michael},
	year = {2019},
	pages = {231--249},
}

@book{devlin_logic_1991,
	address = {New York, NY, US},
	title = {Logic and {Information}},
	publisher = {Cambridge University Press},
	author = {Devlin, Keith},
	year = {1991},
}

@article{burgin_information_2003,
	title = {Information: problems, paradoxes, and solutions},
	volume = {1},
	shorttitle = {Information},
	url = {https://www.triple-c.at/index.php/tripleC/article/view/5},
	doi = {10.31269/triplec.v1i1.5},
	number = {1},
	urldate = {2020-07-13},
	journal = {tripleC: Communication, Capitalism \& Critique. Open Access Journal for a Global Sustainable Information Society},
	author = {Burgin, Mark},
	year = {2003},
	pages = {53--70},
}

@article{casagrande_information_1999,
	title = {Information as a verb: reconceptualizing information for cognitive and ecological models},
	volume = {3},
	url = {https://www.lehigh.edu/~dac511/literature/casagrande1999.pdf},
	urldate = {2020-07-13},
	journal = {Georgia Journal of Ecological Anthropology},
	author = {Casagrande, David G.},
	year = {1999},
	pages = {4--13},
}

@incollection{hanson_intrinsic_1990,
	address = {Vancouver},
	title = {Intrinsic {Information}},
	url = {http://web.ncf.ca/collier/papers/intrinfo.pdf},
	urldate = {2020-07-13},
	booktitle = {Information, {Language}, and {Cognition}},
	publisher = {University of British Columbia Press},
	author = {Collier, John D.},
	editor = {Hanson, Philip P},
	year = {1990},
	note = {OCLC: 1149456181},
	pages = {390--409},
}

@book{davies_demon_2019,
	address = {London},
	title = {The {Demon} in the {Machine}: {How} {Hidden} {Webs} of {Information} {Are} {Solving} the {Mystery} of {Life}},
	shorttitle = {The {Demon} in the {Machine}},
	publisher = {Allen Lane},
	author = {Davies, P. C. W.},
	year = {2019},
}

@book{dretske_knowledge_1999,
	address = {Stanford, CA},
	series = {David {Hume} series of philosophy and cognitive science reissues},
	title = {Knowledge and the {Flow} of {Information}},
	publisher = {CSLI Publications},
	author = {Dretske, Fred},
	year = {1999},
	note = {OCLC: 894881618},
}

@book{floridi_information_2010,
	address = {Oxford, New York},
	series = {Very {Short} {Introductions}},
	title = {Information: {A} {Very} {Short} {Introduction}},
	shorttitle = {Information},
	publisher = {Oxford University Press},
	author = {Floridi, Luciano},
	year = {2010},
}

@incollection{heller_ewolucja_1987,
	address = {Kraków},
	title = {Ewolucja pojęcia masy},
	booktitle = {Filozofować w kontekście nauki},
	publisher = {Polskie Towarzystwo Teologiczne},
	author = {Heller, Michał},
	editor = {Heller, Michał and Michalik, Alicja and Życiński, Józef},
	year = {1987},
	pages = {152--169},
}

@book{hidalgo_why_2015,
	address = {London},
	title = {Why {Information} {Grows}: {The} {Evolution} of {Order}, from {Atoms} to {Economies}},
	shorttitle = {Why {Information} {Grows}},
	publisher = {Penguin Books},
	author = {Hidalgo, César A},
	year = {2015},
	note = {OCLC: 992973810},
}

@book{rovelli_reality_2016,
	address = {London},
	title = {Reality {Is} {Not} {What} {It} {Seems}: {The} {Journey} to {Quantum} {Gravity}},
	shorttitle = {Reality {Is} {Not} {What} {It} {Seems}},
	publisher = {Allen Lane},
	author = {Rovelli, Carlo},
	translator = {Carnell, Simon and Segre, Erica},
	year = {2016},
}

@book{seife_decoding_2006,
	address = {New York},
	title = {Decoding the {Universe}: {How} the {New} {Science} of {Information} {Is} {Explaining} {Everything} in the {Cosmos}, from {Our} {Brains} to {Black} {Holes}},
	shorttitle = {Decoding the {Universe}},
	publisher = {Viking},
	author = {Seife, Charles},
	year = {2006},
	note = {OCLC: 57594693},
}

@article{shannon_mathematical_1948,
	title = {A mathematical theory of communication},
	volume = {27},
	doi = {10.1002/j.1538-7305.1948.tb01338.x},
	number = {3},
	journal = {Bell System Technical Journal},
	author = {Shannon, Claude Elwood},
	year = {1948},
	note = {\_eprint: https://onlinelibrary.wiley.com/doi/pdf/10.1002/j.1538-7305.1948.tb01338.x},
	pages = {379--423, 623--656},
}

@article{shannon_bandwagon_1956,
	title = {The bandwagon},
	volume = {2},
	url = {https://paginas.fe.up.pt/~vinhoza/itpa/bandwagon.pdf},
	number = {1},
	journal = {IRE Transactions on Information Theory},
	author = {Shannon, Claude Elwood},
	year = {1956},
	pages = {3},
}

@book{stonier_information_1990,
	address = {London},
	title = {Information and the {Internal} {Structure} of the {Universe}: {An} {Exploration} into {Information} {Physics}},
	shorttitle = {Information and the {Internal} {Structure} of the {Universe}},
	publisher = {Springer-Verlag},
	author = {Stonier, Tom},
	year = {1990},
	doi = {10.1007/978-1-4471-3265-3},
}

@misc{sveiby_what_1998,
	title = {What is information},
	url = {http://www.sveiby.com/articles/information.html},
	urldate = {2016-04-20},
	author = {Sveiby, Karl-Erik},
	year = {1998},
}

@book{vernon_artificial_2014,
	address = {Cambridge, MA},
	title = {Artificial {Cognitive} {Systems}: {A} {Primer}},
	shorttitle = {Artificial {Cognitive} {Systems}},
	publisher = {The MIT Press},
	author = {Vernon, David},
	year = {2014},
}

@book{wilczek_beautiful_2015,
	address = {London},
	title = {A {Beautiful} {Question}: {Finding} {Nature}'s {Deep} {Design}},
	shorttitle = {A {Beautiful} {Question}},
	publisher = {Penguin Books},
	author = {Wilczek, Frank},
	year = {2015},
	note = {OCLC: 1154097494},
}

@book{polkinghorne_faith_2000,
	address = {New Haven},
	title = {Faith, {Science}, and {Understanding}},
	publisher = {Yale University Press},
	author = {Polkinghorne, John C.},
	year = {2000},
}

@article{landauer_irreversibility_1961,
	title = {Irreversibility and heat generation in the computing process},
	volume = {5},
	url = {http://worrydream.com/refs/Landauer%20-%20Irreversibility%20and%20Heat%20Generation%20in%20the%20Computing%20Process.pdf},
	urldate = {2020-11-14},
	journal = {IBM Journal of Research and Development},
	author = {Landauer, R.},
	year = {1961},
	pages = {183--191},
}

@book{page_little_2020,
	address = {Princeton; Oxford},
	title = {The {Little} {Book} of {Cosmology}},
	publisher = {Princeton University Press},
	author = {Page, Lyman A.},
	year = {2020},
}

@book{krzanowski_ontological_2022,
	address = {Hackensack, New Jersey},
	series = {World {Scientific} series in information studies},
	title = {Ontological {Information}: {Information} in the {Physical} {World}},
	volume = {13},
	shorttitle = {Ontological {Information}},
	url = {https://www.worldscientific.com/worldscibooks/10.1142/12601},
	urldate = {2022-10-25},
	publisher = {World Scientific},
	author = {Krzanowski, Roman},
	year = {2022},
	doi = {10.1142/12601},
}

@article{burgin_is_2022,
	title = {Is information physical and does it have mass?},
	volume = {13},
	url = {https://www.mdpi.com/2078-2489/13/11/540},
	doi = {10.3390/info13110540},
	number = {11},
	urldate = {2022-12-03},
	journal = {Information},
	author = {Burgin, Mark and Mikkilineni, Rao},
	year = {2022},
	note = {Number: 11
Publisher: Multidisciplinary Digital Publishing Institute},
	pages = {540},
}

@book{jacquette_ontology_2002,
	title = {Ontology},
	url = {https://www.taylorfrancis.com/books/mono/10.4324/9781315710655/ontology-dale-jacquette},
	urldate = {2023-01-05},
	publisher = {Routledge},
	author = {Jacquette, Dale},
	year = {2002},
	doi = {10.4324/9781315710655},
}

@incollection{wheeler_information_1989,
	address = {Tokyo},
	title = {Information, {Physics}, {Quantum}: {The} {Search} for {Links}},
	booktitle = {Proceedings of the 3\textsuperscript{rd} {International} {Symposium} {Foundations} of {Quantum} {Mechanics} in the {Light} of {New} {Technology}: {Central} {Research} {Laboratory}, {Hitachi}, {Ltd}., {Kokubunji}, {Tokyo}, {Japan}, {August} 28-31, 1989},
	publisher = {Physical Society of Japan},
	author = {Wheeler, John Archibald},
	year = {1989},
	note = {Meeting Name: International Symposium Foundations of Quantum Mechanics in the Light of New Technology},
	pages = {354--368},
}

@book{burgin_theory_2010,
	address = {Singapore},
	series = {World {Scientific} {Series} in {Information} {Studies}},
	title = {Theory of {Information}: {Fundamentality}, {Diversity} and {Unification}},
	volume = {1},
	shorttitle = {Theory of {Information}},
	publisher = {World Scientific},
	author = {Burgin, Mark},
	year = {2010},
}

@article{burgin_general_2017,
	title = {The {general} {theory} of {information} as a {unifying} {factor} for {information} {studies}: {The} {noble} {eight}-{fold} {path}},
	volume = {1},
	shorttitle = {The {General} {Theory} of {Information} as a {Unifying} {Factor} for {Information} {Studies}},
	url = {https://www.mdpi.com/2504-3900/1/3/164},
	doi = {10.3390/IS4SI-2017-04044},
	number = {3},
	urldate = {2022-04-09},
	journal = {Proceedings},
	author = {Burgin, Mark},
	year = {2017},
	note = {Number: 3
Publisher: Multidisciplinary Digital Publishing Institute},
	pages = {164},
}

@book{floridi_philosophy_2011,
	address = {Oxford},
	title = {The {Philosophy} of {Information}},
	publisher = {Oxford University Press},
	author = {Floridi, Luciano},
	year = {2011},
	note = {OCLC: ocn646111446},
}

@book{heller_elementy_2014,
	address = {Kraków},
	title = {Elementy mechaniki kwantowej dla filozofów},
	publisher = {Copernicus Center Press},
	author = {Heller, Michał},
	year = {2014},
}

@article{polak_beyond_2022,
	title = {Beyond epistemic concepts of information: {The} case of ontological information as philosophy in science},
	shorttitle = {Beyond epistemic concepts of information},
	url = {https://zfn.edu.pl/index.php/zfn/article/view/626},
	number = {73},
	urldate = {2024-02-12},
	journal = {Philosophical Problems in Science (Zagadnienia Filozoficzne w Nauce)},
	author = {Polak, Paweł},
	year = {2022},
	note = {Number: 73},
	pages = {335--345},
}

@incollection{adriaans_information_2020,
	address = {Stanford, CA},
	edition = {Fall 2020},
	title = {Information},
	url = {https://plato.stanford.edu/archives/fall2020/entries/information/},
	booktitle = {The {Stanford} {Encyclopedia} of {Philosophy}},
	publisher = {Metaphysics Research Lab, Stanford University},
	author = {Adriaans, Pieter},
	editor = {Zalta, Edward N. and Nodelman, Uri},
	year = {2020},
}

@incollection{simpson_structural_2017,
	address = {New York},
	title = {Structural {Powers} and the {Homeodynamic} {Unity} of {Organisms}},
	url = {https://www.taylorfrancis.com/books/9781315211626/chapters/10.4324/9781315211626-10},
	urldate = {2024-02-26},
	booktitle = {Neo-{Aristotelian} {Perspectives} on {Contemporary} {Science}},
	publisher = {Routledge},
	author = {Austin, Christopher J. and Marmodoro, Anna},
	collaborator = {Simpson, William M.R. and Koons, Robert C. and Teh, Nicholas J.},
	year = {2017},
	doi = {10.4324/9781315211626-10},
	pages = {169--183},
}

@book{baeyer_information_2005,
	address = {Cambridge, MA},
	title = {Information: {The} {New} {Language} of {Science}},
	shorttitle = {Information},
	publisher = {Harvard University Press},
	author = {Baeyer, Hans Christian von},
	year = {2005},
}

@book{bird_natures_2007,
	address = {Oxford, New York},
	title = {Nature's {Metaphysics}: {Laws} and {Properties}},
	shorttitle = {Nature's metaphysics},
	publisher = {Clarendon Press; Oxford University Press},
	author = {Bird, Alexander},
	year = {2007},
}

@article{burgin_structural_2017,
	title = {Structural and {symbolic} {information} in the {context} of the {general} {theory} of {information}},
	volume = {8},
	url = {http://www.mdpi.com/2078-2489/8/4/139},
	doi = {10.3390/info8040139},
	number = {4},
	urldate = {2024-02-26},
	journal = {Information},
	author = {Burgin, Mark and Feistel, Rainer},
	year = {2017},
	pages = {139},
}

@book{carroll_big_2017,
	address = {London},
	title = {The {Big} {Picture}: {On} the {Origins} of {Life}, {Meaning}, and the {Universe} {Itself}},
	shorttitle = {The {Big} {Picture}},
	publisher = {Oneworld},
	author = {Carroll, Sean M.},
	year = {2017},
	note = {OCLC: 965171847},
}

@article{mul_informatization_1999,
	title = {The {informatization} of the {worldview}},
	volume = {2},
	url = {https://doi.org/10.1080/136911899359763},
	doi = {10.1080/136911899359763},
	number = {1},
	urldate = {2024-02-26},
	journal = {Information, Communication \& Society},
	author = {Mul, Jos De},
	year = {1999},
	pages = {69--94},
}

@book{eigen_laws_1993,
	address = {Princeton, NJ},
	series = {Princeton science library},
	title = {Laws of the {Game}: how the principles of nature govern chance},
	shorttitle = {Laws of the {Game}},
	publisher = {Princeton Univ. Press},
	author = {Eigen, Manfred and Winkler, Ruthild},
	translator = {Kimber, Robert and Kimber, Rita},
	year = {1993},
}

@incollection{floridi_semantic_2019,
	address = {Stanford, CA},
	edition = {Winter 2019},
	title = {Semantic {Conceptions} of {Information}},
	url = {https://plato.stanford.edu/archives/win2019/entries/information-semantic/},
	booktitle = {The {Stanford} {Encyclopedia} of {Philosophy}},
	publisher = {Metaphysics Research Lab, Stanford University},
	author = {Floridi, Luciano},
	editor = {Zalta, Edward N.},
	year = {2019},
}

@book{gleick_information_2011,
	address = {New York},
	title = {The {Information}: {A} {History}, a {Theory}, a {Flood}},
	shorttitle = {The {Information}},
	publisher = {Pantheon Books},
	author = {Gleick, James},
	year = {2011},
	note = {OCLC: ocn607975727},
}

@book{heller_ostateczne_2008,
	address = {Kraków},
	title = {Ostateczne wyjaśnienia wszechświata},
	publisher = {TAiWPN "Universitas"},
	author = {Heller, Michał},
	year = {2008},
}

@article{heller_matematyka_2012,
	title = {Matematyka i kosmologia},
	url = {https://zfn.edu.pl/index.php/zfn/article/view/102},
	number = {50},
	urldate = {2024-02-26},
	journal = {Philosophical Problems in Science (Zagadnienia Filozoficzne w Nauce)},
	author = {Heller, Michał},
	year = {2012},
	note = {Number: 50},
	pages = {63--74},
}

@book{heller_logos_2013,
	address = {Kraków},
	edition = {3\textsuperscript{rd} ed},
	title = {Logos {Wszechświata}: zarys filozofii przyrody},
	shorttitle = {Logos {Wszechświata}},
	publisher = {Społeczny Instytut Wydawniczy Znak},
	author = {Heller, Michał},
	year = {2013},
}

@book{heller_filozofia_2013,
	address = {Kraków},
	series = {Bramy {Nauki}},
	title = {Filozofia kosmologii: wprowadzenie},
	shorttitle = {Filozofia kosmologii},
	publisher = {Copernicus Center Press},
	author = {Heller, Michał},
	year = {2013},
}

@book{heller_przestrzenie_2017,
	address = {Kraków},
	title = {Przestrzenie {Wszechświata}: od geometrii do kosmologii},
	shorttitle = {Przestrzenie {Wszechświata}},
	publisher = {Copernicus Center Press},
	author = {Heller, Michał},
	year = {2017},
}

@book{heller_jedna_2020,
	address = {Kraków},
	title = {Jedna chwila w dziejach wszechświata: {Lemaître} i jego {Kosmos}},
	shorttitle = {Jedna chwila w dziejach wszechświata},
	publisher = {Copernicus Center Press},
	author = {Heller, Michał},
	year = {2020},
}

@book{heller_filozofia_2009,
	address = {Kraków},
	title = {Filozofia nauki: wprowadzenie},
	shorttitle = {Filozofia nauki},
	publisher = {Petrus},
	author = {Heller, Michał},
	year = {2009},
}

@misc{jones_everything_2018,
	title = {Everything is {Information}, and {Information} is {Everything}},
	url = {https://www.kmworld.com/Articles/White-Paper/Article/Everything-is-Information-and-Information-is-Everything-123561.aspx},
	urldate = {2024-02-26},
	journal = {KMWorld},
	author = {Jones, David},
	year = {2018},
}

@article{krzanowski_inquiry_2023,
	title = {An {inquiry} {concerning} the {persistence} of {physical} {information}},
	volume = {8},
	url = {https://www.mdpi.com/2409-9287/8/2/41},
	doi = {10.3390/philosophies8020041},
	number = {2},
	urldate = {2024-02-26},
	journal = {Philosophies},
	author = {Krzanowski, Roman},
	year = {2023},
	pages = {41},
}

@book{kolmogorov_foundations_1950,
	address = {New York},
	title = {Foundations of the {Theory} of {Probability}},
	publisher = {Chelsea Publishing Company},
	author = {Kolmogorov, Andrej Nikolaevič},
	translator = {Morrison, Nathan},
	year = {1950},
}

@article{landauer_information_1991,
	title = {Information is {physical}},
	volume = {44},
	url = {http://dx.doi.org/10.1063/1.881299},
	number = {5},
	urldate = {2024-02-26},
	journal = {Physics Today},
	author = {Landauer, Rolf},
	year = {1991},
	pages = {23--29},
}

@article{landauer_physical_1996,
	title = {The physical nature of information},
	volume = {217},
	url = {https://www.sciencedirect.com/science/article/pii/0375960196004537},
	doi = {10.1016/0375-9601(96)00453-7},
	number = {4},
	urldate = {2024-02-26},
	journal = {Physics Letters A},
	author = {Landauer, Rolf},
	year = {1996},
	pages = {188--193},
}

@article{landauer_information_1999,
	series = {Proceedings of the 20th {IUPAP} {International} {Conference} on {Statistical} {Physics}},
	title = {Information is a physical entity},
	volume = {263},
	url = {https://www.sciencedirect.com/science/article/pii/S0378437198005135},
	doi = {10.1016/S0378-4371(98)00513-5},
	number = {1},
	urldate = {2024-02-26},
	journal = {Physica A: Statistical Mechanics and its Applications},
	author = {Landauer, Rolf},
	year = {1999},
	pages = {63--67},
}

@book{laughlin_crime_2008,
	address = {New York},
	title = {The {Crime} of {Reason}: {And} the {Closing} of the {Scientific} {Mind}},
	shorttitle = {The {Crime} of {Reason}},
	publisher = {Basic Books},
	author = {Laughlin, Robert B.},
	year = {2008},
}

@article{lenski_information_2010,
	title = {Information: {A} {conceptual} {investigation}},
	volume = {1},
	shorttitle = {Information},
	url = {https://www.mdpi.com/2078-2489/1/2/74},
	doi = {10.3390/info1020074},
	number = {2},
	urldate = {2024-02-26},
	journal = {Information},
	author = {Lenski, Wolfgang},
	year = {2010},
	note = {Number: 2
Publisher: Molecular Diversity Preservation International},
	pages = {74--118},
}

@article{losee_discipline_1997,
	title = {A discipline independent definition of information},
	volume = {48},
	doi = {10.1002/(SICI)1097-4571(199703)48:3<254::AID-ASI6>3.0.CO;2-W},
	number = {3},
	journal = {Journal of the American Society for Information Science},
	author = {Losee, Robert M.},
	year = {1997},
	pages = {254--269},
}

@book{davies_information_2010,
	address = {Cambridge},
	title = {Information and the {Nature} of {Reality}: {From} {Physics} to {Metaphysics}},
	shorttitle = {Information and the {Nature} of {Reality}},
	url = {https://www.cambridge.org/core/books/information-and-the-nature-of-reality/D0893810640853E41135A6385F166318},
	urldate = {2024-02-26},
	publisher = {Cambridge University Press},
	editor = {Davies, Paul and Gregersen, Niels Henrik},
	year = {2010},
	doi = {10.1017/CBO9780511778759},
}

@book{perzanowski_rozprawa_2015,
	address = {Toruń},
	title = {Rozprawa ontologiczna i inne eseje},
	publisher = {Wydawnictwo Adam Marszałek},
	author = {Perzanowski, Jerzy Wacław},
	editor = {Sytnik-Czetwertyński, Janusz},
	year = {2015},
}

@book{pierce_symbols_1961,
	address = {New York},
	edition = {1\textsuperscript{st} ed},
	series = {Harper modern science series},
	title = {Symbols, {Signals}, and {Noise}: {The} {Nature} and {Process} of {Communication}},
	shorttitle = {Symbols, {Signals}, and {Noise}},
	publisher = {Harper},
	author = {Pierce, John R.},
	year = {1961},
}

@book{reeves_heure_1986,
	address = {Paris},
	series = {Collection {Points}. {Série} {Sciences}},
	title = {L'heure de s'enivrer: l'univers a-t-il un sens ?},
	shorttitle = {L'heure de s'enivrer},
	publisher = {Éd. du Seuil},
	author = {Reeves, Hubert},
	year = {1986},
}

@book{schrodinger_what_2012,
	address = {Cambridge},
	series = {Canto classics},
	title = {What is {Life}?: {With} {Mind} and {Matter} and {Autobiographical} {Sketches}},
	shorttitle = {What is {Life}?},
	url = {https://doi.org/10.1017/CBO9781107295629},
	urldate = {2024-02-26},
	publisher = {Cambridge University Press},
	author = {Schrodinger, Erwin},
	year = {2012},
}

@incollection{schroeder_philosophical_2005,
	address = {Basel},
	title = {Philosophical {Foundations} for the {Concept} of {Information}: {Selective} and {Structural} {Information}},
	booktitle = {Proceedings of {FIS2005}, {The} {Third} {Conference} on the {Foundations} of {Information} {Science}, {Paris}, {July} 4-7, 2005},
	publisher = {MDPI},
	author = {Schroeder, Marcin Jan},
	editor = {Petitjean, Michel},
	year = {2005},
}

@article{schroeder_structural_2017,
	title = {Structural {realism}, {structural} {information}, and the {general} {concept} of {structure}},
	volume = {1},
	url = {https://sciprofiles.com/publication/view/c872af57bd667042118186aaa4aee7fc},
	doi = {10.3390/IS4SI-2017-03930},
	number = {3},
	urldate = {2024-02-26},
	journal = {Proceedings},
	author = {Schroeder, Marcin J.},
	year = {2017},
	pages = {66},
}

@misc{scott_standard_2018,
	title = {The {Standard} {Model} of {Cosmology}: {A} {Skeptic}'s {Guide}},
	shorttitle = {The {Standard} {Model} of {Cosmology}},
	url = {http://arxiv.org/abs/1804.01318},
	urldate = {2024-02-26},
	publisher = {arXiv},
	author = {Scott, Douglas},
	year = {2018},
	note = {arXiv:1804.01318 [astro-ph]},
}

@incollection{carvalho_60_2009,
	title = {60 years “{A} {Mathematical} {Theory} of {Communication}”},
	booktitle = {Proceedings of the joint 2009 {International} {Fuzzy} {Systems} {Association} world congress and 2009 {European} {Society} of {Fuzzy} {Logic} and {Technology} conference ({IFSA}/{EUSFLAT} 2009), {Lisbon}, {Portugal}, {July} 20-24, 2009},
	publisher = {IFSA/EUSFLAT},
	author = {Seising, R.},
	editor = {Carvalho, J. P. and Dubois, D. and Kaymak, U. and Costa Sousa, da, J.M.},
	year = {2009},
	pages = {1332--1337},
}

@misc{sloman_what_2018,
	title = {What did {Bateson} mean when he wrote “information” is “a difference that makes a difference”?},
	shorttitle = {What did {Bateson} mean},
	url = {https://www.cs.bham.ac.uk/research/projects/cogaff/misc/information-difference.pdf},
	urldate = {2024-02-26},
	author = {Sloman, Aaron},
	year = {2018},
}

@incollection{smeenk_philosophy_2017,
	address = {Stanford, CA},
	edition = {Winter 2017},
	title = {Philosophy of {Cosmology}},
	url = {https://plato.stanford.edu/archives/win2017/entries/cosmology/},
	booktitle = {The {Stanford} {Encyclopedia} of {Philosophy}},
	publisher = {Metaphysics Research Lab, Stanford University},
	author = {Smeenk, Christopher and Ellis, George},
	editor = {Zalta, Edward N.},
	year = {2017},
}

@book{sole_viruses_2019,
	address = {Princeton},
	series = {Primers in complex systems},
	title = {Viruses as complex adaptive systems},
	url = {https://search.ebscohost.com/login.aspx?direct=true&scope=site&db=nlebk&db=nlabk&AN=1832192},
	urldate = {2024-02-26},
	publisher = {Princeton University Press},
	author = {Solé, Ricard V. and Elena, Santiago F.},
	year = {2019},
	note = {OCLC: 1055763233},
}

@misc{tetlow_phil_2017,
	title = {Phil {Tetlow}: 8 steps to understanding information (and maybe the universe)},
	shorttitle = {Phil {Tetlow}},
	url = {https://www.ted.com/talks/phil_tetlow_8_steps_to_understanding_information_and_maybe_the_universe},
	urldate = {2024-02-26},
	journal = {TED Talk},
	author = {Tetlow, Phil},
	year = {2017},
}

@misc{vreeken_history_2005,
	title = {The {History} of {Information}: {Lessons} for {Information} {Management}},
	shorttitle = {The {History} of {Information}},
	url = {https://www.researchgate.net/publication/279641557_The_History_of_Information_Lessons_for_Information_Management},
	urldate = {2024-02-26},
	publisher = {Universiteit van Amsterdam},
	author = {Vreeken, Arjan},
	year = {2005},
}

@article{weaver_mathematics_1949,
	title = {The {mathematics} of {communication}},
	volume = {181},
	url = {https://monoskop.org/images/4/48/Weaver_Warren_1949_The_Mathematics_of_Communication.pdf},
	number = {1},
	urldate = {2024-02-26},
	journal = {Scientific American},
	author = {Weaver, Warren},
	year = {1949},
	pages = {11--15},
}

@book{weizsacker_einheit_1971,
	address = {München},
	title = {Die {Einheit} der {Natur}},
	publisher = {Hanser},
	author = {Weizsäcker, Carl Friedrich},
	year = {1971},
}

@incollection{linnebo_platonism_2018,
	address = {Stanford, CA},
	edition = {Spring 2018},
	title = {Platonism in the {Philosophy} of {Mathematics}},
	url = {https://plato.stanford.edu/archives/spr2018/entries/platonism-mathematics/},
	booktitle = {The {Stanford} {Encyclopedia} of {Philosophy}},
	publisher = {Metaphysics Research Lab, Stanford University},
	author = {Linnebo, Øystein},
	editor = {Zalta, Edward N. and Nodelman, Uri},
	year = {2018},
}

@book{ShannonWeaver1949,
  title={The Mathematical Theory of Communication},
  author={Shannon, Claude Elwood and Weaver, Warren},
  year={1949},
  publisher={University of Illinois Press},
  address={Urbana},
}

@book{ShannonWeaver1998,
  title={The Mathematical Theory of Communication},
  author={Shannon, Claude Elwood and Weaver, Warren},
  year={1998},
  publisher={University of Illinois Press},
  address={Urbana},
  edition={Reprint edition},
}

@book{Davies2010-DAVIAT-5,
  address = {New York},
  editor = {Paul Davies and Niels Henrik Gregersen},
  publisher = {Cambridge University Press},
  title = {Information and the Nature of Reality: From Physics to Metaphysics},
  year = {2010}
}

@book{Polkinghorne2000,
  title={Faith, Science, and Understanding},
  author={Polkinghorne, John C.},
  year={2000},
  publisher={Yale University Press},
  address={New Haven}
}

