
@book{grygiel_teologia_2022,
	address = {Kraków},
	title = {Teologia ewolucyjna: założenia -- problemy -- hipotezy},
	shorttitle = {Teologia ewolucyjna},
	publisher = {Copernicus Center Press},
	author = {Grygiel, Wojciech and Wąsek, Damian},
	year = {2022},
}

@book{harris_end_2004,
	address = {New York; London},
	title = {The {End} of {Faith}: {Religion}, {Terror}, and the {Future} of {Reason}},
	shorttitle = {The {End} of {Faith}},
	publisher = {W.W. Norton \& Company},
	author = {Harris, Sam},
	year = {2004},
}

@book{harris_letter_2006,
	address = {New York, NY},
	title = {Letter to a {Christian} {Nation}},
	publisher = {Knopf},
	author = {Harris, Sam},
	year = {2006},
}

@book{hitchens_god_2007,
	address = {New York Boston},
	title = {God {Is} {Not} {Great}: {How} {Religion} {Poisons} {Everything}},
	shorttitle = {God {Is} {Not} {Great}},
	publisher = {Twelve},
	author = {Hitchens, Christopher},
	year = {2007},
}

@article{wasek_teologia_2018,
	title = {Teologia katolicka w konfrontacji z neuronaukami: przyczynek do dialogu},
	shorttitle = {Teologia katolicka w konfrontacji z neuronaukami},
	url = {https://zfn.edu.pl/index.php/zfn/article/view/430},
	number = {64},
	urldate = {2023-11-02},
	journal = {Philosophical Problems in Science (Zagadnienia Filozoficzne w Nauce)},
	author = {Wąsek, Damian},
	year = {2018},
	note = {Number: 64},
	pages = {167--181},
}

@article{grygiel_cognitive_2021,
	title = {Cognitive aspects of the philosophical and theological coherence of the concept of a miracle within the contemporary scientific world view},
	url = {https://zfn.edu.pl/index.php/zfn/article/view/543},
	number = {70},
	urldate = {2023-11-02},
	journal = {Philosophical Problems in Science (Zagadnienia Filozoficzne w Nauce)},
	author = {Grygiel, Wojciech},
	year = {2021},
	note = {Number: 70},
	pages = {111--138},
}

@incollection{kasper_interdisziplinaritat_1996,
	address = {Freiburg; Basel; Rom; Wien},
	edition = {3\textsuperscript{rd} ed},
	title = {Interdisziplinarität},
	booktitle = {Lexikon für {Theologie} und {Kirche}. {Bd}. 5: {Hermeneutik} bis {Kirchengemeinschaft}},
	publisher = {Herder},
	author = {Mette, Norbert},
	editor = {Kasper, Walter},
	year = {1996},
	pages = {557},
}

@article{Grygiel2019IntelligentDesign,
  title = {The doctrine of the intelligent design from the point of view of the cognitive science of religion},
  author = {Grygiel, Wojciech},
  journal = {Scientia et Fides},
  volume = {8},
  number = {1},
  pages = {165--181},
  year = {2019},
  doi = {10.12775/SetF.2020.006},
}

@book{Dawkins2006TheGodDelusion,
  title={The God Delusion},
  author={Dawkins, Richard},
  year={2006},
  publisher={Bantam},
  address = {London, UK}
}

@book{Wasek2021,
  editor    = {Wąsek, Damian},
  title     = {Teologia w dialogu z innymi naukami: Spotkania -- Kontrowersje -- Perspektywy},
  year      = {2021},
  publisher = {Wydawnictwo ,,Scriptum''},
  address   = {Kraków},
  series    = {Horyzonty dogmatu},
  number    = {20}
}
