
@incollection{zycinski_w_1984,
	address = {Kraków},
	title = {W poszukiwaniu teologii nauki},
	booktitle = {Nauka - religia - dzieje: {II} {Seminarium} {Interdyscyplinarne} w {Castel} {Gandolfo}, 6-9 września 1982 roku},
	publisher = {Wydział Filozoficzny Towarzystwa Jezusowego},
	author = {Życiński, Józef},
	editor = {Janik, Jerzy Antoni and Lenartowicz, Piotr},
	year = {1984},
	pages = {80--85},
}

@incollection{polak_teologia_2015,
	address = {Kraków},
	title = {Teologia nauki w perspektywie metodologicznej},
	booktitle = {Teologia nauki},
	publisher = {Copernicus Center Press},
	author = {Polak, Paweł},
	editor = {Mączka, Janusz and Urbańczyk, Piotr},
	year = {2015},
	pages = {23--54},
}

@article{brozek_science_2015,
	title = {Science and {Religion} in the {Kraków} {School}},
	volume = {50},
	url = {http://onlinelibrary.wiley.com/doi/10.1111/zygo.12160/abstract},
	doi = {10.1111/zygo.12160},
	number = {1},
	urldate = {2018-02-23},
	journal = {Zygon},
	author = {Brożek, Bartosz and Heller, Michael},
	year = {2015},
	pages = {194--208},
}

@book{maczka_teologia_2015,
	address = {Kraków},
	title = {Teologia nauki [{Theology} of science]},
	publisher = {Copernicus Center Press},
	editor = {Mączka, Janusz and Urbańczyk, Piotr},
	year = {2015},
	note = {1.62 arkusza},
}

@article{obolevitch_relationship_2015,
	title = {The relationship between science and religion in the {Copernicus} {Centre} in {Krakow} ({Michael} {Heller}, {Józef} Życinski and others)},
	volume = {11},
	url = {http://www.ejst.tuiasi.ro/Files/53/1_Obolevitch.pdf},
	number = {4},
	journal = {European Journal of Science and Theology},
	author = {Obolevitch, Teresa},
	year = {2015},
	pages = {1--11},
}

@book{laudan_progress_1977,
	address = {Berkeley; Los Angeles; London},
	title = {Progress and {Its} {Problems}: {Toward} a {Theory} of {Scientific} {Growth}},
	shorttitle = {Progress and {Its} {Problems}},
	publisher = {University of California Press},
	author = {Laudan, Larry},
	year = {1977},
	note = {OCLC: 895220015},
}

@article{oleksowicz_we_2020,
	title = {Do we need a theology of science? / ¿{Necesitamos} una teología de la ciencia?},
	volume = {15},
	shorttitle = {Do we need a theology of science?},
	url = {http://cauriensia.es/index.php/cauriensia/article/view/345},
	urldate = {2020-10-26},
	journal = {CAURIENSIA. Revista anual de Ciencias Eclesiásticas},
	author = {Oleksowicz, Michal},
	year = {2020},
	note = {Number: 0},
	pages = {755--770},
}

@book{heller_new_1996,
	address = {Vatican City},
	title = {The {New} {Physics} and a {New} {Theology}},
	publisher = {Vatican Observatory Publications},
	author = {Heller, Michael},
	year = {1996},
}

@article{polak_science-religion_2021,
	title = {The science-religion relationship in the academic debate in {Poland}, 1945-1998},
	volume = {17},
	url = {http://www.ejst.tuiasi.ro/Files/91/1_Polak%20&%20Rodzen.pdf},
	number = {6},
	urldate = {2022-12-20},
	journal = {European Journal of Science and Theology},
	author = {Polak, Paweł and Rodzeń, Jacek},
	year = {2021},
	pages = {1--17},
}

@article{heller_stworzenie_1982,
	title = {Stworzenie a ewolucja},
	volume = {2},
	number = {4(10)},
	journal = {Communio},
	author = {Heller, Michał},
	year = {1982},
	pages = {58--66},
}

@book{macek_teologia_2014,
	address = {Warszawa},
	edition = {2\textsuperscript{nd} ed},
	title = {Teologia nauki według księdza {Michała} {Hellera}},
	publisher = {Wydawnictwo Uniwersytetu Kardynała Stefana Wyszyńskiego},
	author = {Macek, Wiesław Marian},
	year = {2014},
}

@article{maziarka_w_2016,
	title = {W stronę teologii nauki – na kanwie myśli ks. prof. {Michała} {Hellera}},
	volume = {35},
	url = {https://czasopisma.upjp2.edu.pl/tarnowskiestudiateologiczne/article/view/1711},
	doi = {10.15633/tst.1711},
	number = {1},
	urldate = {2022-07-14},
	journal = {Tarnowskie Studia Teologiczne},
	author = {Maziarka, Tomasz},
	year = {2016},
	note = {Number: 1},
	pages = {7--18},
}

@article{polak_theory_2023,
	title = {The {Theory} of {Relativity} and {Theology}: {The} {Neo}-{Thomist} {Science}–{Theology} {Separation} vs. {Michael} {Heller}’s {Path} to {Dialogue}},
	volume = {21},
	shorttitle = {The {Theory} of {Relativity} and {Theology}},
	url = {https://doi.org/10.1080/14746700.2022.2155917},
	doi = {10.1080/14746700.2022.2155917},
	number = {1},
	urldate = {2023-02-10},
	journal = {Theology and Science},
	author = {Polak, Paweł and Rodzeń, Jacek},
	year = {2023},
	note = {Publisher: Routledge},
	pages = {157--174},
}

@article{rodzen_teologia_2021,
	title = {Teologia nauki–skazana na sukces? [{Theology} of science – doomed to success?]},
	number = {70},
	journal = {Philosophical Problems in Science (Zagadnienia Filozoficzne w Nauce)},
	author = {Rodzeń, Jacek},
	year = {2021},
	note = {Publisher: Copernicus Center Press},
	pages = {235--242},
}

@incollection{maczka_wstep_2015,
	address = {Kraków},
	title = {Wstęp do teologii nauki},
	booktitle = {Teologia nauki [{Theology} of science]},
	publisher = {Copernicus Center Press},
	author = {Heller, Michał},
	editor = {Mączka, Janusz and Urbańczyk, Piotr},
	year = {2015},
	note = {1.62 arkusza},
	pages = {13--22},
}

@article{sierotowicz_filozofia_2018,
	title = {Filozofia dramatu jako filozoficzna tradycja badawcza [{Philosophy} of drama as a philosophical research tradition]},
	url = {https://zfn.edu.pl/index.php/zfn/article/view/407},
	number = {64},
	urldate = {2023-09-27},
	journal = {Philosophical Problems in Science (Zagadnienia Filozoficzne w Nauce)},
	author = {Sierotowicz, Tadeusz},
	year = {2018},
	note = {Number: 64},
	pages = {59--92},
}

@article{szybka_remarks_2020,
	title = {Some remarks on the first image of a black hole},
	url = {https://zfn.edu.pl/index.php/zfn/article/view/497},
	number = {68},
	urldate = {2023-09-27},
	journal = {Philosophical Problems in Science (Zagadnienia Filozoficzne w Nauce)},
	author = {Szybka, Sebastian Jan},
	year = {2020},
	note = {Number: 68},
	pages = {281--294},
}

@incollection{maczka_teologia_2015-1,
	address = {Kraków},
	title = {Teologia nauki. {Poszukiwanie} struktury},
	booktitle = {Teologia nauki [{Theology} of science]},
	publisher = {Copernicus Center Press},
	author = {Szczurek, Jan Daniel},
	editor = {Mączka, Janusz and Urbańczyk, Piotr},
	year = {2015},
	note = {1.62 arkusza},
	pages = {127--142},
}

@book{balthasar_theo-logic_2000,
	address = {San Francisco},
	title = {Theo-logic, {Vol}. 1: {The} {Truth} of the {World}},
	shorttitle = {Theo-logic {I}},
	publisher = {Ignatius Press},
	author = {Balthasar, Hans Urs von},
	translator = {Walker, Adrian J.},
	year = {2000},
}

@book{balthasar_theo-logic_2004,
	address = {San Francisco},
	title = {Theo-{Logic}, {Vol}. 2: {Truth} of {God}},
	shorttitle = {Theo-logic {II}},
	publisher = {Ignatius Press},
	author = {Balthasar, Hans Urs von},
	translator = {Walker, Adrian J.},
	year = {2004},
}

@book{balthasar_glory_2001,
	edition = {1\textsuperscript{st} ed},
	title = {Glory of the {Lord} {VOL} 1: {Seeing} {The} {Form}},
	shorttitle = {Glory of the {Lord} {VOL} 1},
	publisher = {T\&T Clark},
	author = {Balthasar, Hans Urs von},
	year = {2001},
}

@book{balthasar_glory_2009,
	address = {San Francisco; New York},
	edition = {2\textsuperscript{nd} ed},
	title = {The {Glory} of the {Lord}: {A} {Theological} {Aesthetics}},
	shorttitle = {The {Glory} of the {Lord}},
	publisher = {Ignatius Press; Crossroad Publications},
	author = {Balthasar, Hans Urs von},
	editor = {Fessio, Joseph and Riches, John},
	translator = {Leiva-Merikakis, Erasmo},
	year = {2009},
	note = {OCLC: ocn660856913},
}

@book{barth_church_2010,
	address = {London; New York},
	title = {Church {Dogmatics}, vol. {I}.1: {The} {Doctrine} of the {Word} of {God} § 1-7},
	publisher = {T \& T Clark},
	author = {Barth, Karl},
	editor = {Bromiley, Geoffrey William and Torrance, Thomas F.},
	translator = {Bromiley, G.W. and Thomson, G.T. and Knight, Harold},
	year = {2010},
}

@book{jagiello_jozef_2020,
	address = {Kraków},
	series = {The {Polish} {Christian} {Philosophy} in the 20\textsuperscript{th} {Century}},
	title = {Józef {Tischner}},
	url = {https://pchph.ignatianum.edu.pl/uploads/content/Tischner-EN.pdf},
	urldate = {2023-09-27},
	publisher = {Ignatianum University Press},
	editor = {Jagiełło, Jarosław},
	year = {2020},
}

@misc{john_paul_ii_address_1983,
	title = {Address on the {Occasion} of the 350th {Anniversary} of {Galileo}’s {Publication}, {Rome} 1983, {May} 9},
	shorttitle = {Address},
	url = {https://inters.org/John-Paul-II-350-Galileo-Dialoghi},
	urldate = {2023-09-27},
	journal = {Inters.org},
	author = {{John Paul II}},
	year = {1983},
}

@misc{john_paul_ii_letter_1988,
	title = {Letter to {Father} {George} {V}. {Coyne}, {Director} of the {Vatican} {Observatory} ({June} 1, 1988)},
	shorttitle = {Letter to {G}.{V}. {Coyne}},
	url = {https://www.vatican.va/content/john-paul-ii/en/letters/1988/documents/hf_jp-ii_let_19880601_padre-coyne.html},
	urldate = {2023-09-27},
	journal = {Vatican.va},
	author = {{John Paul II}},
	year = {1988},
}

@incollection{hunsinger_barth_2019,
	address = {Hoboken (NJ); Chichester},
	title = {Barth on {Natural} {Theology}},
	url = {https://onlinelibrary.wiley.com/doi/10.1002/9781119156574.ch8},
	urldate = {2023-09-27},
	booktitle = {The {Wiley} {Blackwell} {Companion} to {Karl} {Barth}},
	publisher = {Wiley},
	author = {Johnson, Keith L.},
	editor = {Hunsinger, George and Johnson, Keith L.},
	year = {2019},
	doi = {10.1002/9781119156574.ch8},
	pages = {95--107},
}

@book{lococo_towards_2002,
	address = {Ottawa},
	series = {Saint {Paul} {University} research series: {Faith} and {Science}},
	title = {Towards a {Theology} of {Science}},
	publisher = {Novalis},
	author = {Lococo, Donald},
	year = {2002},
}

@book{lococo_life_2021,
	address = {Eugene, OR},
	title = {Life in {One} {Breath}: {Meditations} on {Science} and {Christology}},
	shorttitle = {Life in {One} {Breath}},
	publisher = {Resource Publications},
	author = {Lococo, Donald J.},
	year = {2021},
	note = {OCLC: 1263662217},
}

@incollection{wilkinson_after_2022,
	address = {London},
	title = {After an apologetics of conflict: {Biblical} exegesis for a creation theology of science},
	shorttitle = {After an apologetics of conflict},
	booktitle = {New {Directions} in {Theology} and {Science}},
	publisher = {Routledge},
	author = {Wilkinson, David, Tom McLeish and Harrison, P. and Tyson, P.},
	year = {2022},
	note = {Num Pages: 23},
	pages = {147--169},
}

@article{mcmullin_augustine_1999,
	title = {From {Augustine} to {Galileo}},
	volume = {76},
	journal = {Modern Schoolman},
	author = {McMullin, Ernan},
	year = {1999},
	pages = {169--194},
}

@book{fennema_science_1990,
	address = {Dordrecht},
	title = {Science and {Religion}},
	url = {http://link.springer.com/10.1007/978-94-009-2021-7},
	urldate = {2023-09-27},
	publisher = {Springer Netherlands},
	editor = {Fennema, Jan and Paul, Iain},
	year = {1990},
	doi = {10.1007/978-94-009-2021-7},
}

@incollection{pedersen_historical_1990,
	address = {Dordrecht},
	title = {Historical interaction between science and religion},
	url = {https://doi.org/10.1007/978-94-009-2021-7_10},
	urldate = {2023-09-27},
	booktitle = {Science and {Religion}: {One} {World} — {Changing} {Perspectives} on {Reality}},
	publisher = {Springer Netherlands},
	author = {Pedersen, Olaf},
	editor = {Fennema, Jan and Paul, Iain},
	year = {1990},
	doi = {10.1007/978-94-009-2021-7_10},
	pages = {139--160},
}

@article{polak_teologia_2016,
	title = {Teologia nauki. {Krytyka} założeń},
	volume = {25},
	journal = {Nauka Polska},
	author = {Polak, Tomasz},
	year = {2016},
	pages = {115--126},
}

@book{tischner_myslenie_2011,
	address = {Kraków},
	edition = {6\textsuperscript{th} ed},
	title = {Myślenie według wartości},
	publisher = {Społeczny Instytut Wydawniczy "Znak"},
	author = {Tischner, Józef},
	year = {2011},
}

@incollection{tischner_myslenie_2011-1,
	address = {Kraków},
	edition = {6\textsuperscript{th} ed},
	title = {Myślenie religijne},
	booktitle = {Myślenie według wartości},
	publisher = {Społeczny Instytut Wydawniczy "Znak"},
	author = {Tischner, Józef},
	year = {2011},
	pages = {370--393},
}

@book{tyson_christian_2022,
	address = {Grand Rapids, Michigan},
	title = {A {Christian} {Theology} of {Science}: {Reimagining} a {Theological} {Vision} of {Natural} {Knowledge}},
	shorttitle = {A {Christian} {Theology} of {Science}},
	publisher = {Baker Academic, a division of Baker Publishing Group},
	author = {Tyson, Paul G.},
	year = {2022},
}

@article{wolowski_problem_2019,
	title = {Problem niezależności refleksji dramatycznej {Józefa} {Tischnera} od myśli teodramatycznej {Hansa} {Ursa} von {Balthasara}},
	volume = {51},
	url = {https://czasopisma.upjp2.edu.pl/analectacracoviensia/article/view/3637},
	doi = {10.15633/acr.3637},
	urldate = {2023-09-27},
	journal = {Analecta Cracoviensia},
	author = {Wołowski, Lech},
	year = {2019},
	pages = {141--160},
}

@misc{noauthor_dei_1965,
	title = {Dei {Verbum}. {Dogmatic} {Constitution} on {Divine} {Revelation}},
	shorttitle = {Dei {Verbum}},
	url = {https://www.vatican.va/archive/hist_councils/ii_vatican_council/documents/vat-ii_const_19651118_dei-verbum_en.html},
	urldate = {2023-09-29},
	year = {1965},
}
