
@book{dembinski_pozny_2010,
	address = {Kęty},
	series = {Fundamenta: studia z historii filozofii},
	title = {Późny {Platon} i {Stara} {Akademia} [{Late} {Plato} and the {Old} {Academy}]},
	number = {63},
	publisher = {Wydawnictwo Marek Derewiecki},
	author = {Dembiński, Bogdan},
	year = {2010},
}

@book{zycinski_swiat_2013,
	address = {Kraków},
	edition = {2\textsuperscript{nd} ed},
	title = {Świat matematyki i jej materialnych cieni},
	publisher = {Copernicus Center Press},
	author = {Życiński, Józef},
	year = {2013},
}

@incollection{heller_field_2014,
	address = {Kraków},
	title = {The field of rationality and category theory},
	url = {http://adsabs.harvard.edu/abs/2014msu..book..441H},
	urldate = {2020-01-28},
	booktitle = {Mathematical {Structures} of the {Universe}},
	publisher = {Copernicus Center Press},
	author = {Heller, Michael},
	editor = {Eckstein, Michał and Heller, Michael and Szybka, Sebastian J.},
	year = {2014},
	pages = {441--457},
}

@incollection{zycinski_filozoficzne_1987,
	address = {Kraków},
	title = {Filozoficzne aspekty matematyczności przyrody},
	booktitle = {Filozofować w kontekście nauki},
	publisher = {Polskie Towarzystwo Teologiczne},
	author = {Życiński, Józef},
	editor = {Heller, Michał and Michalik, Alicja and Życiński, Józef},
	year = {1987},
	pages = {170--185},
}

@incollection{zycinski_status_1995,
	address = {Warszawa; Kraków},
	title = {Status przedmiotów idealnych a ontlogia współczesnej fizyki},
	booktitle = {W kręgu filozofii {Romana} {Ingardena}: materiały z konferencji naukowej, {Kraków} 1985: praca zbiorowa},
	publisher = {Wydawnictwo Naukowe PWN},
	author = {Życiński, Józef},
	editor = {Stróżewski, Władysław and Węgrzecki, Adam},
	year = {1995},
	pages = {97--110},
}

@incollection{zycinski_pole_2006,
	address = {Kraków},
	series = {Varia/{Uniwersytet} {Jagielloński}},
	title = {Pole potencjalności a ewolucja {Wszechświata}},
	number = {407},
	booktitle = {Nauka, religia, dzieje: materia i forma, potencja i akt, czyn: {XIII} seminarium w serii seminariów z {Castel} {Gandolfo}, 25-27 września 2005, {Lublin}},
	publisher = {Wydawnictwo Uniwersytetu Jagiellońskiego},
	author = {Życiński, Józef},
	editor = {Janik, Jerzy Antoni},
	year = {2006},
	pages = {49--60},
}

@book{heller_uchwycic_1997,
	address = {Kraków},
	title = {Uchwycić przemijanie},
	publisher = {Znak},
	author = {Heller, Michał},
	year = {1997},
}

@article{grygiel_critical_2022,
	title = {A critical analysis of the philosophical motivations and development of the concept of the field of rationality as a representation of the fundamental ontology of the physical reality},
	number = {72},
	journal = {Philosophical Problems in Science (Zagadnienia Filozoficzne w Nauce)},
	author = {Grygiel, Wojciech P.},
	year = {2022},
	pages = {87--108},
}

@book{heller_poczatek_2002,
	address = {Warszawa},
	series = {Na Ścieżkach {Nauki}},
	title = {Początek jest wszędzie: nowa hipoteza pochodzenia {Wszechświata}},
	shorttitle = {Początek jest wszędzie},
	publisher = {Prószyński i S-ka},
	author = {Heller, Michał},
	year = {2002},
}

@incollection{heller_teilhards_2003,
	address = {Philadelphia; London},
	title = {Teilhard's {Vision} of the {World} and {Modern} {Cosmology}},
	booktitle = {Creative {Tension}: {Essays} on {Science} and {Religion}},
	publisher = {Templeton Foundation Press},
	author = {Heller, Michał},
	year = {2003},
	pages = {57--69},
}

@book{penrose_road_2004,
	address = {London},
	edition = {1\textsuperscript{st} ed},
	title = {The {Road} to {Reality}: {A} {Complete} {Guide} to the {Laws} of the {Universe}},
	shorttitle = {The {Road} to {Reality}},
	publisher = {Jonathan Cape},
	author = {Penrose, Roger},
	year = {2004},
}

@incollection{zycinski_wstep_2013,
	address = {Kraków},
	edition = {2\textsuperscript{nd} ed},
	title = {Wstęp},
	booktitle = {Świat matematyki i jej materialnych cieni},
	publisher = {Copernicus Center Press},
	author = {Heller, Michał},
	collaborator = {Życiński, Józef},
	year = {2013},
	pages = {5--15},
}

@article{heller_evolution_2006,
	title = {Evolution of the {space}-{time} {structures}},
	volume = {3},
	journal = {Concepts of Physics},
	author = {Heller, Michał},
	year = {2006},
	pages = {117--131},
}

@incollection{eckstein_field_2014,
	address = {Kraków},
	title = {The field of rationality and the category theory},
	booktitle = {Mathematical {Structures} of the {Universe}},
	publisher = {Copernicus Center Press},
	editor = {Eckstein, Michał and Heller, Michał and Szybka, Sebastian J.},
	year = {2014},
	pages = {441--457},
}

@article{heller_emergence_1998,
	title = {Emergence of time},
	volume = {250},
	url = {https://www.sciencedirect.com/science/article/pii/S037596019800824X},
	doi = {10.1016/S0375-9601(98)00824-X},
	number = {1},
	urldate = {2024-02-08},
	journal = {Physics Letters A},
	author = {Heller, Michael and Sasin, Wiesław},
	year = {1998},
	pages = {48--54},
}

@article{anderson_more_1972,
	title = {More {is} {different}},
	volume = {177},
	url = {https://www.science.org/doi/10.1126/science.177.4047.393},
	doi = {10.1126/science.177.4047.393},
	number = {4047},
	urldate = {2024-02-08},
	journal = {Science},
	author = {Anderson, P. W.},
	year = {1972},
	note = {Publisher: American Association for the Advancement of Science},
	pages = {393--396},
}

@article{banerjee_quantum-information_2015,
	title = {A quantum-information theoretic analysis of three-flavor neutrino oscillations},
	volume = {75},
	url = {https://doi.org/10.1140/epjc/s10052-015-3717-x},
	doi = {10.1140/epjc/s10052-015-3717-x},
	number = {10},
	urldate = {2024-02-09},
	journal = {The European Physical Journal C},
	author = {Banerjee, Subhashish and Alok, Ashutosh Kumar and Srikanth, R. and Hiesmayr, Beatrix C.},
	year = {2015},
	pages = {487},
}

@article{manchak_hierarchy_2023,
	title = {A {hierarchy} of {spacetime} {symmetries}: {Holes} to {Heraclitus}},
	shorttitle = {A {Hierarchy} of {Spacetime} {Symmetries}},
	url = {https://www.journals.uchicago.edu/doi/abs/10.1086/727002},
	doi = {10.1086/727002},
	urldate = {2024-02-09},
	journal = {The British Journal for the Philosophy of Science},
	author = {Manchak, J.B. and Barrett, Thomas},
	year = {2023},
	note = {Publisher: The University of Chicago Press},
}

@article{bilenky_neutrino_2016,
	series = {Neutrino {Oscillations}: {Celebrating} the {Nobel} {Prize} in {Physics} 2015},
	title = {Neutrino oscillations: {From} a historical perspective to the present status},
	volume = {908},
	shorttitle = {Neutrino oscillations},
	url = {https://www.sciencedirect.com/science/article/pii/S0550321316000353},
	doi = {10.1016/j.nuclphysb.2016.01.025},
	urldate = {2024-02-09},
	journal = {Nuclear Physics B},
	author = {Bilenky, S.},
	year = {2016},
	pages = {2--13},
}

@incollection{brading_introduction_2003,
	address = {Cambridge, U.K.; New York},
	title = {Introduction},
	booktitle = {Symmetries in {Physics}: {Philosophical} {Reflections}},
	publisher = {Cambridge University Press},
	author = {Brading, Katherine and Castellani, Elena},
	editor = {Brading, Katherine and Castellani, Elena},
	year = {2003},
	pages = {1--18},
}

@incollection{brading_meaning_2003,
	address = {Cambridge, U.K.; New York},
	title = {On the {Meaning} of {Symmetry} {Breaking}},
	booktitle = {Symmetries in {Physics}: {Philosophical} {Reflections}},
	publisher = {Cambridge University Press},
	author = {Castellani, Elena},
	editor = {Brading, Katherine and Castellani, Elena},
	year = {2003},
	pages = {321--334},
}

@article{dardashti_editorial_2021,
	title = {Editorial: symmetries and asymmetries in physics},
	volume = {199},
	shorttitle = {Editorial},
	url = {https://doi.org/10.1007/s11229-020-02745-6},
	doi = {10.1007/s11229-020-02745-6},
	urldate = {2024-02-09},
	journal = {Synthese},
	author = {Dardashti, Radin and Frisch, Mathias and Valente, Giovanni},
	year = {2021},
	pages = {983--989},
}

@book{debs_objectivity_2007,
	address = {Cambridge, Mass},
	title = {Objectivity, {Invariance}, and {Convention}: {Symmetry} in {Physical} {Science}},
	shorttitle = {Objectivity, {Invariance}, and {Convention}},
	publisher = {Harvard University Press},
	author = {Debs, Talal A. and Redhead, Michael},
	year = {2007},
	note = {OCLC: ocm74966583},
}

@book{dirac_principles_1930,
	address = {Oxford},
	title = {The {Principles} of {Quantum} {Mechanics}},
	publisher = {At the Clarendon Press},
	author = {Dirac, Paul A. M.},
	year = {1930},
	note = {OCLC: 459247439},
}

@incollection{french_doing_2020,
	address = {Cham},
	series = {Synthese {Library}},
	title = {Doing {Away} with {Dispositions}: {Powers} in the {Context} of {Modern} {Physics}},
	shorttitle = {Doing {Away} with {Dispositions}},
	url = {https://doi.org/10.1007/978-3-030-28722-1_12},
	urldate = {2024-02-09},
	booktitle = {Dispositionalism: {Perspectives} from {Metaphysics} and the {Philosophy} of {Science}},
	publisher = {Springer International Publishing},
	author = {French, Steven},
	editor = {Meincke, Anne Sophie},
	year = {2020},
	doi = {10.1007/978-3-030-28722-1_12},
	pages = {189--212},
}

@book{friend_dispositions_2023,
	address = {Cambridge},
	series = {Elements in {Metaphysics}},
	title = {Dispositions and {Powers}},
	url = {https://www.cambridge.org/core/product/identifier/9781009118910/type/element},
	urldate = {2024-02-09},
	publisher = {Cambridge University Press},
	author = {Friend, Toby and Kimpton-Nye, Samuel},
	year = {2023},
	doi = {10.1017/9781009118910},
}

@article{gross_role_1996,
	title = {The role of symmetry in fundamental physics},
	volume = {93},
	url = {https://www.pnas.org/doi/10.1073/pnas.93.25.14256},
	doi = {10.1073/pnas.93.25.14256},
	number = {25},
	urldate = {2024-02-09},
	journal = {Proceedings of the National Academy of Sciences},
	author = {Gross, David J.},
	year = {1996},
	note = {Publisher: Proceedings of the National Academy of Sciences},
	pages = {14256--14259},
}

@article{heunen_principle_2008,
	title = {The {principle} of {general} {tovariance}},
	volume = {1023},
	url = {https://doi.org/10.1063/1.2958182},
	doi = {10.1063/1.2958182},
	urldate = {2024-02-10},
	journal = {AIP Conference Proceedings},
	author = {Heunen, C. and Landsman, N. P. and Spitters, B.},
	year = {2008},
	pages = {93--102},
}

@incollection{brading_symmetry_2003,
	address = {Cambridge, U.K.; New York},
	title = {Symmetry, {Objectivity} and {Design}},
	booktitle = {Symmetries in {Physics}: {Philosophical} {Reflections}},
	publisher = {Cambridge University Press},
	author = {Kosso, P.},
	editor = {Brading, Katherine and Castellani, Elena},
	year = {2003},
	pages = {413--454},
}

@article{pabjan_jozefa_2011,
	title = {Józefa Życińskiego koncepcja pola racjonalności},
	volume = {19},
	url = {https://fn.uw.edu.pl/index.php/fn/article/view/635},
	number = {2},
	urldate = {2024-02-10},
	journal = {Filozofia Nauki},
	author = {Pabjan, Tadeusz},
	year = {2011},
	note = {Number: 2},
	pages = {7--18},
}

@book{pagels_cosmic_1983,
	address = {New York},
	title = {The {Cosmic} {Code}: {Quantum} {Physics} as the {Language} of {Nature}},
	shorttitle = {The {Cosmic} {Code}},
	publisher = {Batnam Books},
	author = {Pagels, Heinz R.},
	year = {1983},
}

@article{richter_leggett-garg_2017,
	title = {Leggett-{Garg} ${K}_{3}$ quantity discriminates between {Dirac} and {Majorana} neutrinos},
	volume = {96},
	url = {https://link.aps.org/doi/10.1103/PhysRevD.96.076008},
	doi = {10.1103/PhysRevD.96.076008},
	number = {7},
	urldate = {2024-02-10},
	journal = {Physical Review D},
	author = {Richter, Monika and Dziewit, Bartosz and Dajka, Jerzy},
	year = {2017},
	note = {Publisher: American Physical Society},
	pages = {076008},
}

@book{schwichtenberg_physics_2018,
	address = {Cham},
	series = {Undergraduate {Lecture} {Notes} in {Physics}},
	title = {Physics from {Symmetry}},
	url = {http://link.springer.com/10.1007/978-3-319-66631-0},
	urldate = {2024-02-10},
	publisher = {Springer International Publishing},
	author = {Schwichtenberg, Jakob},
	year = {2018},
	doi = {10.1007/978-3-319-66631-0},
}

@article{the_t2k_collaboration_constraint_2020,
	title = {Constraint on the matter–antimatter symmetry-violating phase in neutrino oscillations},
	volume = {580},
	url = {https://www.nature.com/articles/s41586-020-2177-0},
	doi = {10.1038/s41586-020-2177-0},
	number = {7803},
	urldate = {2024-02-10},
	journal = {Nature},
	author = {{The T2K Collaboration}},
	year = {2020},
	pages = {339--344},
}

@article{vourdas_analytic_2006,
	title = {Analytic representations in quantum mechanics},
	volume = {39},
	url = {https://dx.doi.org/10.1088/0305-4470/39/7/R01},
	doi = {10.1088/0305-4470/39/7/R01},
	number = {7},
	urldate = {2024-02-10},
	journal = {Journal of Physics A: Mathematical and General},
	author = {Vourdas, A.},
	year = {2006},
	pages = {R65},
}

@book{zee_fearful_2007,
	address = {Princeton, N.J.},
	title = {Fearful {Symmetry}: {The} {Search} for {Beauty} in {Modern} {Physics}},
	publisher = {Princeton University Press},
	author = {Zee, A.},
	year = {2007},
}

@incollection{brading_interpretation_2003,
	address = {Cambridge, U.K.; New York},
	title = {The interpretation of gauge symmetry},
	booktitle = {Symmetries in {Physics}: {Philosophical} {Reflections}},
	publisher = {Cambridge University Press},
	author = {Redhead, Michael},
	editor = {Brading, Katherine and Castellani, Elena},
	year = {2003},
	pages = {124--139},
}

@article{dembinski_2015,
  author       = {Dembiński, Bogdan},
  title        = {On some aspects of mathematical platonism},
  journal      = {Philosophical Problems in Science (Zagadnienia Filozoficzne w Nauce)},
  number       = {58},
  pages        = {45--61},
  year         = {2015},
  url          = {https://zfn.edu.pl/index.php/zfn/article/view/7}
}

@article{Dembinski_2019,
  author       = {Dembiński, Bogdan},
  title        = {The theory of ideas and Plato’s philosophy of mathematics},
  journal      = {Philosophical Problems in Science (Zagadnienia Filozoficzne w Nauce)},
  number       = {66},
  pages        = {95--108},
  year         = {2019},
  url          = {https://zfn.edu.pl/index.php/zfn/article/view/468}
  }
}
