
@book{winsberg_science_2010,
	address = {Chicago},
	title = {Science in the {Age} of {Computer} {Simulation}},
	publisher = {University of Chicago Press},
	author = {Winsberg, Eric},
	year = {2010},
}

@book{leciejewski_cyfrowa_2013,
	address = {Poznań},
	series = {Seria {Filozofia} i {Logika} / {Uniwersytet} im. {Adama} {Mickiewicza} w {Poznaniu}},
	title = {Cyfrowa rewolucja w badaniach eksperymentalnych: studium metodologiczno-filozoficzne},
	shorttitle = {Cyfrowa rewolucja w badaniach eksperymentalnych},
	number = {nr 114},
	publisher = {Wydawnictwo Naukowe Uniwersytetu im. Adama Mickiewicza},
	author = {Leciejewski, Sławomir},
	year = {2013},
}

@article{dowling_experimenting_1999,
	title = {Experimenting on theories},
	volume = {12},
	url = {https://www.cambridge.org/core/journals/science-in-context/article/experimenting-on-theories/4F159F236A5AB08F568A5AE8B8C0F186},
	doi = {10.1017/S0269889700003410},
	number = {2},
	urldate = {2020-01-27},
	journal = {Science in Context},
	author = {Dowling, Deborah},
	year = {1999},
	pages = {261--273},
}

@article{leciejewski_struktura_2018,
	title = {Struktura cyfrowej rewolucji naukowej},
	url = {https://www.zfn.edu.pl/index.php/zfn/article/view/429},
	number = {64},
	urldate = {2021-02-04},
	journal = {Philosophical Problems in Science (Zagadnienia Filozoficzne w Nauce)},
	author = {Leciejewski, Sławomir},
	year = {2018},
	note = {Number: 64},
	pages = {117--136},
}

@phdthesis{bartz-beielstein_new_2005,
	address = {Dortmund},
	title = {New experimentalism applied to evolutionary computation},
	url = {http://eldorado.tu-dortmund.de/handle/2003/21461},
	urldate = {2023-03-13},
	school = {Technische Universität Dortmund},
	author = {Bartz-Beielstein, Thomas},
	year = {2005},
	doi = {10.17877/DE290R-15667},
}

@article{leciejewski_preface_2019,
	title = {Preface to the special issue on philosophy in computer science},
	volume = {44},
	number = {1},
	journal = {Foundations of Computing and Decision Sciences},
	author = {Leciejewski, Sławomir},
	year = {2019},
	pages = {\mbox{3--9}},
}

@article{ackermann_new_1989,
	title = {The new experimentalism},
	volume = {40},
	url = {https://www.journals.uchicago.edu/doi/10.1093/bjps/40.2.185},
	doi = {10.1093/bjps/40.2.185},
	number = {2},
	urldate = {2024-02-20},
	journal = {The British Journal for the Philosophy of Science},
	author = {Ackermann, Robert},
	year = {1989},
	pages = {185--190},
}

@article{bhat_observation_2013,
	series = {16th {International} {Conference} in {Quantum} {ChromoDynamics}},
	title = {Observation of a {Higgs}-like boson in {CMS} at the {LHC}},
	volume = {234},
	url = {https://www.sciencedirect.com/science/article/pii/S092056321200494X},
	doi = {10.1016/j.nuclphysbps.2012.11.003},
	urldate = {2024-02-20},
	journal = {Nuclear Physics B - Proceedings Supplements},
	author = {Bhat, Pushpalatha C.},
	year = {2013},
	pages = {7--14},
}

@book{bialynicki-birula_modeling_2004,
	address = {Oxford},
	title = {Modeling {Reality}: {How} {Computers} {Mirror} {Life}},
	shorttitle = {Modeling {Reality}},
	publisher = {Oxford University Press},
	author = {Bialynicki-Birula, Iwo and Bialynicka-Birula, Iwona},
	year = {2004},
}

@incollection{crowley-milling_computer_1974,
	address = {Geneva},
	title = {Computer control applied to accelerators},
	url = {https://cds.cern.ch/record/880046},
	urldate = {2024-02-20},
	booktitle = {Meeting on {Technology} {Arising} from {High}-{Energy} {Physics}},
	publisher = {CERN},
	author = {Crowley-Milling, Michael C},
	year = {1974},
	doi = {10.5170/CERN-1974-009-V-1.120},
	pages = {120--128},
}

@book{franklin_can_1999,
	address = {Dordrecht},
	series = {Boston {Studies} in the {Philosophy} of {Science}},
	title = {Can that be {Right}? {Essays} on {Experiment}, {Evidence}, and {Science}},
	url = {http://link.springer.com/10.1007/978-94-011-5334-8},
	number = {199},
	urldate = {2024-02-20},
	publisher = {Springer Netherlands},
	author = {Franklin, Allan},
	editor = {Cohen, Robert S. and Wartofsky, Marx W.},
	year = {1999},
	doi = {10.1007/978-94-011-5334-8},
}

@book{franklin_experiment_1990,
	address = {Cambridge},
	title = {Experiment: {Right} or {Wrong}},
	shorttitle = {Experiment},
	publisher = {Cambridge Univ. Press},
	author = {Franklin, Allan},
	year = {1990},
	annote = {Includes bibliographical references (p. [201]-220)},
}

@book{franklin_neglect_1986,
	title = {The {Neglect} of {Experiment}},
	url = {https://www.cambridge.org/core/product/identifier/9780511624896/type/book},
	urldate = {2024-02-20},
	publisher = {Cambridge University Press},
	author = {Franklin, Allan},
	year = {1986},
	doi = {10.1017/CBO9780511624896},
}

@book{galison_how_1987,
	address = {Chicago, IL},
	title = {How {Experiments} {End}},
	url = {https://press.uchicago.edu/ucp/books/book/chicago/H/bo5969426.html},
	urldate = {2024-02-20},
	publisher = {University of Chicago Press},
	author = {Galison, Peter},
	year = {1987},
}

@book{galison_image_1997,
	address = {Chicago, IL},
	title = {Image and {Logic}: {A} {Material} {Culture} of {Microphysics}},
	shorttitle = {Image and {Logic}},
	url = {https://press.uchicago.edu/ucp/books/book/chicago/I/bo3710110.html},
	urldate = {2024-02-20},
	publisher = {University of Chicago Press},
	author = {Galison, Peter},
	year = {1997},
}

@article{giere_is_2009,
	title = {Is computer simulation changing the face of experimentation?},
	volume = {143},
	url = {http://link.springer.com/10.1007/s11098-008-9314-1},
	doi = {10.1007/s11098-008-9314-1},
	number = {1},
	urldate = {2024-02-20},
	journal = {Philosophical Studies},
	author = {Giere, Ronald N.},
	year = {2009},
	pages = {59--62},
}

@book{gilbert_simulation_2005,
	address = {Maidenhead, England ; New York, NY},
	edition = {2nd ed},
	title = {Simulation for the {Social} {Scientist}},
	publisher = {Open University Press},
	author = {Gilbert, G. Nigel and Troitzsch, Klaus G.},
	year = {2005},
}

@incollection{guala_models_2002,
	address = {New York, NY},
	title = {Models, {Simulations}, and {Experiments}},
	url = {https://doi.org/10.1007/978-1-4615-0605-8_4},
	urldate = {2024-02-23},
	booktitle = {Model-{Based} {Reasoning}: {Science}, {Technology}, {Values}},
	publisher = {Springer US},
	author = {Guala, Francesco},
	editor = {Magnani, Lorenzo and Nersessian, Nancy J.},
	year = {2002},
	doi = {10.1007/978-1-4615-0605-8_4},
	pages = {59--74},
}

@article{guala_paradigmatic_2008,
	title = {Paradigmatic {Experiments}: {The} {Ultimatum} {Game} from {Testing} to {Measurement} {Device}},
	volume = {75},
	shorttitle = {Paradigmatic {Experiments}},
	url = {https://www.cambridge.org/core/product/identifier/S0031824800011739/type/journal_article},
	doi = {10.1086/594512},
	number = {5},
	urldate = {2024-02-23},
	journal = {Philosophy of Science},
	author = {Guala, Francesco},
	year = {2008},
	pages = {658--669},
}

@book{churchland_images_1985,
	address = {Chicago, IL},
	series = {Science and {Its} {Conceptual} {Foundations} series},
	title = {Images of {Science}: {Essays} on {Realism} and {Empiricism}},
	shorttitle = {Images of {Science}},
	url = {https://press.uchicago.edu/ucp/books/book/chicago/I/bo5966739.html},
	urldate = {2024-02-23},
	publisher = {University of Chicago Press},
	editor = {Churchland, Paul M. and Hooker, Clifford A. and Fraassen, With a Reply from Bas C. van},
	year = {1985},
}

@incollection{churchland_we_1985,
	address = {Chicago, IL},
	series = {Science and {Its} {Conceptual} {Foundations} series},
	title = {Do {We} {See} through a {Microscope}?},
	url = {https://press.uchicago.edu/ucp/books/book/chicago/I/bo5966739.html},
	urldate = {2024-02-23},
	booktitle = {Images of {Science}: {Essays} on {Realism} and {Empiricism}},
	publisher = {University of Chicago Press},
	author = {Hacking, Ian},
	editor = {Churchland, Paul M. and Hooker, Clifford A. and Fraassen, With a Reply from Bas C. van},
	year = {1985},
	pages = {132--152},
}

@incollection{hacking_self-vindication_1992,
	address = {Chicago},
	title = {The {Self}-{Vindication} of the {Laboratory} {Sciences}},
	url = {https://doi.org/10.7208/9780226668208-003},
	urldate = {2024-02-23},
	booktitle = {Science as {Practice} and {Culture}},
	publisher = {University of Chicago Press},
	author = {Hacking, Ian},
	editor = {Pickering, Andrew},
	year = {1992},
	pages = {29--64},
}

@incollection{leplin_experimentation_1984,
	address = {Berkeley},
	title = {Experimentation and {Scientific} {Realism}},
	booktitle = {Scientific {Realism}},
	publisher = {University of California Press},
	author = {Hacking, Ian},
	editor = {Leplin, Jarrett},
	year = {1984},
	pages = {154--172},
	annote = {Includes bibliographies and indexes},
}

@article{hacking_stability_1988,
	title = {On the stability of the laboratory sciences},
	volume = {85},
	shorttitle = {On the {Stability} of the {Laboratory} {Sciences}},
	url = {http://www.pdcnet.org/oom/service?url_ver=Z39.88-2004&rft_val_fmt=&rft.imuse_id=jphil_1988_0085_0010_0507_0514&svc_id=info:www.pdcnet.org/collection},
	doi = {10.5840/jphil1988851016},
	number = {10},
	urldate = {2024-02-23},
	journal = {Journal of Philosophy},
	author = {Hacking, Ian and {Journal of Philosophy Inc.}},
	year = {1988},
	pages = {507--514},
}

@book{hacking_representing_1983,
	address = {Cambridge},
	title = {Representing and {Intervening}: {Introductory} {Topics} in the {Philosophy} of {Natural} {Science}},
	shorttitle = {Representing and {Intervening}},
	url = {https://www.cambridge.org/core/books/representing-and-intervening/F6506B708BB5A8B6A5D884BDCF28E7B7},
	urldate = {2024-02-23},
	publisher = {Cambridge University Press},
	author = {Hacking, Ian},
	year = {1983},
	doi = {10.1017/CBO9780511814563},
}

@article{higgs_broken_1964,
	title = {Broken symmetries and the massesof gauge bosons},
	volume = {13},
	url = {https://link.aps.org/doi/10.1103/PhysRevLett.13.508},
	doi = {10.1103/PhysRevLett.13.508},
	number = {16},
	urldate = {2024-02-23},
	journal = {Physical Review Letters},
	author = {Higgs, Peter W.},
	year = {1964},
	note = {Publisher: American Physical Society},
	pages = {508--509},
}

@incollection{morgan_ising_1999,
	address = {Cambridge},
	series = {Ideas in context},
	title = {The {Ising} {Model}, {Computer} {Simulation}, and {Universal} {Physics}},
	number = {52},
	booktitle = {Models as {Mediators}: {Perspectives} on {Natural} and {Social} {Science}},
	publisher = {Cambridge Univ. Press},
	author = {Hughes, R.I.G.},
	editor = {Morgan, Mary S.},
	year = {1999},
	pages = {97--145},
}

@article{humphreys_computational_1995,
	title = {Computational science and scientific method},
	volume = {5},
	url = {https://doi.org/10.1007/BF00974980},
	doi = {10.1007/BF00974980},
	number = {4},
	urldate = {2024-02-23},
	journal = {Minds and Machines},
	author = {Humphreys, Paul},
	year = {1995},
	pages = {499--512},
}

@book{kaufmann_supercomputing_1993,
	address = {New York},
	title = {Supercomputing and the {Transformation} of {Science}},
	publisher = {W H Freeman \& Co},
	author = {Kaufmann, William J. and Smarr, Larry L.},
	year = {1993},
}

@book{pelgrom_analog--digital_2022,
	address = {Cham},
	title = {Analog-to-{Digital} {Conversion}},
	url = {https://link.springer.com/10.1007/978-3-030-90808-9},
	urldate = {2024-02-23},
	publisher = {Springer International Publishing},
	author = {Pelgrom, Marcel J.M.},
	year = {2022},
	doi = {10.1007/978-3-030-90808-9},
}

@incollection{morgan_experiments_2003,
	address = {Pittsburgh, PA},
	title = {Experiments without material intervention: model experiments, virtual experiments and virtually experiments},
	shorttitle = {Experiments without material intervention},
	booktitle = {The {Philosophy} of {Scientific} {Experimentation}},
	publisher = {University of Pittsburgh Press},
	author = {Morgan, Mary S.},
	editor = {Radder, Hans},
	year = {2003},
	pages = {216--235},
}

@incollection{miller_why_2001,
	address = {Cambridge, Mass},
	series = {Politics, science, and the environment},
	title = {Why {Atmospheric} {Modeling} {Is} {Good} {Science}},
	url = {https://direct.mit.edu/books/book/2661/chapter/72108/Why-Atmospheric-Modeling-Is-Good-Science},
	urldate = {2024-02-23},
	booktitle = {Changing the {Atmosphere}: {Expert} {Knowledge} and {Environmental} {Governance}},
	publisher = {MIT Press},
	author = {Norton, Stephen D. and Suppe, Frederick},
	editor = {Miller, Clark A. and Edwards, Paul N.},
	year = {2001},
	doi = {10.7551/mitpress/1789.003.0006},
	note = {Book Title: Changing the Atmosphere},
	pages = {88--103},
	annote = {Machine generated contents note: 1 Introduction: The Globalization of Climate Science and Climate -- Politics 1 -- Clark A. Miller and Paul N. Edwards -- 2 Representing the Global Atmosphere: Computer Models, Data, and -- Knowledge about Climate Change 31 -- Paul N. Edwards -- 3 Why Atmospheric Modeling Is Good Science 67 -- Stephen D. Norton and Frederick Suppe -- 4 Epistemic Lifestyles in Climate Change Modeling 107 -- Simon Shackley -- 5 The Rise and Fall of Weather Modification: Changes in American -- Attitudes Toward Technology, Nature, and Society 135 -- Chunglin Kwa -- 6 Scientific Internationalism in American Foreign Policy: The Case of -- Meteorology, 1947-1958 167 -- Clark A. Miller -- 7 Self-Governance and Peer Review in Science-for-Policy: The Case -- of the IPCC Second Assessment Report ,.,219 -- Paul N. Edwards and Stephen H. Schneider -- 8 Challenges in the Application of Science to Global Affairs: -- Contingency, Trust, and Moral Order 247 -- Clark A. Miller -- 9 Climate Change and Global Environmental Justice 287 -- Dale Jamieson -- 10 Image and Imagination: The Formation of Global Environmental -- Consciousness 309 -- Sheila Jasanoff References 339 -- Index 371},
}

@article{parke_experiments_2014,
	title = {Experiments, simulations, and epistemic privilege},
	volume = {81},
	url = {https://www.cambridge.org/core/journals/philosophy-of-science/article/abs/experiments-simulations-and-epistemic-privilege/8FE42B3F05AA7E0B669B2D724AB9C12F},
	doi = {10.1086/677956},
	number = {4},
	urldate = {2024-02-23},
	journal = {Philosophy of Science},
	author = {Parke, Emily C.},
	year = {2014},
	pages = {516--536},
}

@article{parker_does_2009,
	title = {Does matter really matter? {Computer} simulations, experiments, and materiality},
	volume = {169},
	shorttitle = {Does matter really matter?},
	url = {https://doi.org/10.1007/s11229-008-9434-3},
	doi = {10.1007/s11229-008-9434-3},
	number = {3},
	urldate = {2024-02-23},
	journal = {Synthese},
	author = {Parker, Wendy S.},
	year = {2009},
	pages = {483--496},
}

@article{parker_computer_2017,
	title = {Computer simulation, measurement, and data assimilation},
	volume = {68},
	url = {https://www.journals.uchicago.edu/doi/abs/10.1093/bjps/axv037},
	doi = {10.1093/bjps/axv037},
	number = {1},
	urldate = {2024-02-23},
	journal = {The British Journal for the Philosophy of Science},
	author = {Parker, Wendy S.},
	year = {2017},
	note = {Publisher: The University of Chicago Press},
	pages = {273--304},
}

@incollection{peschard_modeling_2009,
	address = {London},
	title = {Modeling and {Experimenting}},
	booktitle = {Models, {Simulations}, and {Representations}},
	publisher = {Routledge},
	author = {Peschard, Isabelle},
	editor = {Humphreys, Paul and Imbert, Cyrille},
	year = {2009},
	pages = {42--61},
}

@incollection{sobczynska_why_2021,
	address = {Frankfurt am Main},
	series = {Dia-{Logos}},
	title = {Why {Do} {Chemists} {Perform} {Experiments}?},
	url = {https://www.peterlang.com/document/1097803},
	number = {5},
	urldate = {2024-02-23},
	booktitle = {Chemistry in the {Philosophical} {Melting} {Pot}},
	publisher = {Peter Lang},
	author = {Schummer, Joachim},
	editor = {Sobczynska, Danuta and Zeidler, Pawel and Zielonacka-Lis, Ewa},
	year = {2021},
	pages = {395--410},
}

@article{weinberg_model_1967,
	title = {A model of leptons},
	volume = {19},
	url = {https://link.aps.org/doi/10.1103/PhysRevLett.19.1264},
	doi = {10.1103/PhysRevLett.19.1264},
	number = {21},
	urldate = {2024-02-23},
	journal = {Physical Review Letters},
	author = {Weinberg, Steven},
	year = {1967},
	pages = {1264--1266},
}

@book{weinberg_dreams_1992,
	address = {New York},
	edition = {1},
	title = {Dreams of a {Final} {Theory}},
	publisher = {Pantheon Books},
	author = {Weinberg, Steven},
	year = {1992},
}

@article{winsberg_tale_2009,
	title = {A tale of two methods},
	volume = {169},
	url = {https://doi.org/10.1007/s11229-008-9437-0},
	doi = {10.1007/s11229-008-9437-0},
	number = {3},
	urldate = {2024-02-23},
	journal = {Synthese},
	author = {Winsberg, Eric},
	year = {2009},
	pages = {575--592},
}

@article{zeidler_idea_1995,
	title = {The idea of realism in the new experimentalism and the problem of the existence of theoretical entities in chemistry},
	volume = {1},
	url = {https://doi.org/10.1007/BF00125784},
	doi = {10.1007/BF00125784},
	number = {4},
	urldate = {2024-02-23},
	journal = {Foundations of Science},
	author = {Zeidler, Paweł and Sobczyńska, Danuta},
	year = {1995},
	pages = {517--535},
}

@article{leciejewski_digital_2015,
	title = {The digital revolution in empirical science},
	volume = {2},
	url = {http://nowadays.home.pl/kreator/data/documents/10.15503emet2015.9.17.pdf},
	doi = {10.15503/emet2015.9.17},
	urldate = {2024-02-26},
	journal = {\mbox{E-methodology}},
	author = {Leciejewski, Sławomir},
	year = {2015},
	pages = {9--17},
}

@incollection{hacking_disunities_1996,
	address = {Stanford, CA},
	title = {The {Disunities} of the {Sciences}},
	booktitle = {The {Disunity} of {Science}},
	publisher = {Stanford University Press},
	author = {Hacking, Ian},
	editor = {Galison, Peter and Stump, David},
	year = {1996},
	pages = {37--74},
}

@article{burge_computer_1998,
	title = {Computer proof, apriori knowledge, and other minds: {The} sixth philosophical perspectives lecture},
	volume = {12},
	url = {https://www.jstor.org/stable/2676139},
	urldate = {2024-02-27},
	journal = {Philosophical Perspectives},
	author = {Burge, Tyler},
	year = {1998},
	note = {Publisher: [Ridgeview Publishing Company, Wiley]},
	pages = {1--37},
}

@article{epstein_agent-based_1999,
	title = {Agent-based computational models and generative social science},
	volume = {4},
	url = {https://onlinelibrary.wiley.com/doi/10.1002/(SICI)1099-0526(199905/06)4:5<41::AID-CPLX9>3.0.CO;2-F},
	doi = {10.1002/(SICI)1099-0526(199905/06)4:5<41::AID-CPLX9>3.0.CO;2-F},
	number = {5},
	urldate = {2024-02-27},
	journal = {Complexity},
	author = {Epstein, Joshua M.},
	year = {1999},
	pages = {41--60},
}

@incollection{hartmann_world_1996,
	address = {Dordrecht},
	series = {Theory and {Decision} {Library}},
	title = {The {World} as a {Process}},
	url = {https://doi.org/10.1007/978-94-015-8686-3_5},
	urldate = {2024-02-27},
	booktitle = {Modelling and {Simulation} in the {Social} {Sciences} from the {Philosophy} of {Science} {Point} of {View}},
	publisher = {Springer Netherlands},
	author = {Hartmann, Stephan},
	editor = {Hegselmann, Rainer and Mueller, Ulrich and Troitzsch, Klaus G.},
	year = {1996},
	doi = {10.1007/978-94-015-8686-3_5},
	pages = {77--100},
}

@article{lenhard_computer_2007,
	title = {Computer simulation: {The} cooperation between experimenting and modeling},
	volume = {74},
	shorttitle = {Computer {Simulation}},
	url = {https://www.cambridge.org/core/product/identifier/S0031824800005092/type/journal_article},
	doi = {10.1086/519029},
	number = {2},
	urldate = {2024-02-27},
	journal = {Philosophy of Science},
	author = {Lenhard, Johannes},
	year = {2007},
	pages = {176--194},
}

@article{morrison_models_2009,
	title = {Models, measurement and computer simulation: the changing face of experimentation},
	volume = {143},
	shorttitle = {Models, measurement and computer simulation},
	url = {https://doi.org/10.1007/s11098-008-9317-y},
	doi = {10.1007/s11098-008-9317-y},
	number = {1},
	urldate = {2024-02-27},
	journal = {Philosophical Studies},
	author = {Morrison, Margaret},
	year = {2009},
	pages = {33--57},
}

@incollection{parker_computer_2013,
	edition = {2},
	title = {Computer {Simulation}},
	booktitle = {The {Routledge} {Companion} to {Philosophy} of {Science}},
	publisher = {Routledge},
	author = {Parker, Wendy S.},
	editor = {Curd, Martin and Psillos, Stathis},
	year = {2013},
	note = {Num Pages: 11},
}
