
@article{krzanowski_meta-ontology_2022,
	title = {The {Meta}-{Ontology} of {AI} {Systems} with {Human}-{Level} {Intelligence}},
	number = {73},
	journal = {Philosophical Problems in Science (Zagadnienia Filozoficzne w Nauce)},
	author = {Krzanowski, Roman and Polak, Paweł},
	year = {2022},
	pages = {199--232},
}

@incollection{guarino_formal_1998,
	address = {Amsterdam},
	title = {Formal {Ontologies} and {Information} {Systems}},
	booktitle = {Formal {Ontology} in {Information} {Systems}. {Proceedings} of {FOIS}’98, {Trento}, {Italy}, 6-8 {June} 1998.},
	publisher = {IOS Press},
	author = {Guarino, Nicola},
	editor = {Guarino, Nicola},
	year = {1998},
	pages = {3--15},
}

@inproceedings{guarino_ontologies_1995,
	address = {Amsterdam},
	title = {Ontologies and {Knowledge} {Bases}: {Towards} a {Terminological} {Clarification}},
	booktitle = {Towards {Very} {Large} {Knowledge} {Bases}: {Knowledge} {Building} and {Knowledge} {Sharing}},
	publisher = {IOS Press},
	author = {Guarino, Nicola and Giaretta, Pierdaniele},
	editor = {Mars, N. J. I.},
	year = {1995},
	pages = {25--32},
}

@article{studer_knowledge_1998,
	title = {Knowledge engineering: {Principles} and methods},
	volume = {25},
	shorttitle = {Knowledge engineering},
	url = {https://www.sciencedirect.com/science/article/pii/S0169023X97000566},
	doi = {10.1016/S0169-023X(97)00056-6},
	number = {1},
	urldate = {2023-01-07},
	journal = {Data \& Knowledge Engineering},
	author = {Studer, Rudi and Benjamins, V. Richard and Fensel, Dieter},
	year = {1998},
	pages = {161--197},
}

@book{lewis_counterfactuals_1973,
	address = {Oxford},
	edition = {1},
	title = {Counterfactuals},
	publisher = {Blakwell},
	author = {Lewis, David},
	year = {1973},
}

@inproceedings{burgun_sharing_1999,
	address = {Tokyo, Japan},
	title = {Sharing knowledge in medicine: semantic and ontologic facets of medical concepts},
	volume = {6},
	shorttitle = {Sharing knowledge in medicine},
	url = {http://ieeexplore.ieee.org/document/816568/},
	doi = {10.1109/ICSMC.1999.816568},
	urldate = {2024-01-29},
	booktitle = {{IEEE} {SMC}'99 {Conference} {Proceedings}. 1999 {IEEE} {International} {Conference} on {Systems}, {Man}, and {Cybernetics} ({Cat}. {No}.{99CH37028})},
	publisher = {IEEE},
	author = {Burgun, A. and Botti, G. and Fieschi, M. and Le Beux, P.},
	year = {1999},
	pages = {300--305},
}

@article{motara_functional_2019,
	title = {A functional ontology for information systems},
	volume = {31},
	url = {https://sacj.cs.uct.ac.za/index.php/sacj/article/view/691},
	doi = {10.18489/sacj.v31i2.691},
	number = {2},
	urldate = {2024-01-29},
	journal = {South African Computer Journal},
	author = {Motara, Yusuf Moosa and Van Der Schyff, Karl},
	year = {2019},
}

@techreport{partridge_survey_2020,
	title = {A {Survey} of {Top}-{Level} {Ontologies} - to inform the ontological choices for a {Foundation} {Data} {Model}},
	url = {https://www.repository.cam.ac.uk/handle/1810/313452},
	urldate = {2024-01-29},
	institution = {CDBB},
	author = {Partridge, Chris and Mitchell, Andrew and Cook, Al and Sullivan, Jan and West, Matthew},
	collaborator = {{Apollo-University Of Cambridge Repository} and {University Of Cambridge}},
	year = {2020},
	doi = {10.17863/CAM.58311},
}

@article{tambassi_completeness_2022,
	title = {Completeness in {Information} {Systems} {Ontologies}},
	volume = {32},
	url = {https://link.springer.com/10.1007/s10516-021-09598-9},
	doi = {10.1007/s10516-021-09598-9},
	number = {S2},
	urldate = {2024-01-29},
	journal = {Axiomathes},
	author = {Tambassi, Timothy},
	year = {2022},
	pages = {215--224},
}

@incollection{liu_ontology_2009,
	address = {Boston, MA},
	title = {Ontology},
	url = {http://link.springer.com/10.1007/978-0-387-39940-9_1318},
	urldate = {2024-01-29},
	booktitle = {Encyclopedia of {Database} {Systems}},
	publisher = {Springer US},
	author = {Gruber, Tom},
	editor = {Liu, Ling and Özsu, M. Tamer},
	year = {2009},
	doi = {10.1007/978-0-387-39940-9_1318},
	pages = {1963--1965},
}

@article{yao_benchmarking_2011,
	title = {Benchmarking {Ontologies}: {Bigger} or {Better}?},
	volume = {7},
	shorttitle = {Benchmarking {Ontologies}},
	url = {https://dx.plos.org/10.1371/journal.pcbi.1001055},
	doi = {10.1371/journal.pcbi.1001055},
	number = {1},
	urldate = {2024-01-29},
	journal = {PLoS Computational Biology},
	author = {Yao, Lixia and Divoli, Anna and Mayzus, Ilya and Evans, James A. and Rzhetsky, Andrey},
	editor = {Cohen, K. Bretonnel},
	year = {2011},
	pages = {e1001055},
}

@incollection{thomasson_categories_2019,
	edition = {Summer 2019},
	title = {Categories},
	url = {https://plato.stanford.edu/archives/sum2019/entries/categories/},
	urldate = {2024-01-29},
	booktitle = {The {Stanford} {Encyclopedia} of {Philosophy}},
	publisher = {Metaphysics Research Lab, Stanford University},
	author = {Thomasson, Amie},
	editor = {Zalta, Edward N. and Nodelman, Uri},
	year = {2019},
}

@misc{sowa_guided_2005,
	title = {Guided {Tour} of {Ontology}},
	url = {http://www.jfsowa.com/ontology/guided.htm},
	urldate = {2024-01-29},
	author = {Sowa, John F.},
	year = {2005},
}

@incollection{baker_simplicity_2016,
	edition = {Winter 2016},
	title = {Simplicity},
	url = {https://plato.stanford.edu/archives/win2016/entries/simplicity/},
	urldate = {2024-01-29},
	booktitle = {The {Stanford} {Encyclopedia} of {Philosophy}},
	publisher = {Metaphysics Research Lab, Stanford University},
	author = {Baker, Alan},
	editor = {Zalta, Edward N.},
	year = {2016},
}

@techreport{allen_formal_1997,
	address = {Pittsburgh},
	title = {A {Formal} {Approach} to {Software} {Architecture} ({CMU} {Technical} {Report} {CMU}-{CS}-97-144)},
	institution = {Carnegie Mellon, School of Computer Science},
	author = {Allen, Robert J.},
	year = {1997},
}

@article{baljon_history_2002,
	series = {Philosophy of {Design}},
	title = {History of history and canons of design},
	volume = {23},
	url = {https://www.sciencedirect.com/science/article/pii/S0142694X01000424},
	doi = {10.1016/S0142-694X(01)00042-4},
	number = {3},
	urldate = {2024-01-31},
	journal = {Design Studies},
	author = {Baljon, Cornelis J},
	year = {2002},
	pages = {333--343},
}

@article{bentley_engineering_1993,
	title = {Engineering a sort function},
	volume = {23},
	url = {https://onlinelibrary.wiley.com/doi/abs/10.1002/spe.4380231105},
	doi = {10.1002/spe.4380231105},
	number = {11},
	urldate = {2024-01-31},
	journal = {Software: Practice and Experience},
	author = {Bentley, Jon L. and McIlroy, M. Douglas},
	year = {1993},
	note = {\_eprint: https://onlinelibrary.wiley.com/doi/pdf/10.1002/spe.4380231105},
	pages = {1249--1265},
}

@inproceedings{bernaras_building_1996,
	address = {Chichester, UK},
	title = {Building and {Reusing} {Ontologies} for {Electrical} {Network} {Applications}},
	booktitle = {Proceedings of the 12th {European} {Conference} on {Artificial} {Intelligence} ({ECAI}'96)},
	publisher = {John Wiley and Sons},
	author = {Bernaras, A. and Laresgoiti, I. and Corera, J.},
	editor = {Wahlster, Wolfgang},
	year = {1996},
	note = {event-place: Budapest, Hungary},
	pages = {298--302},
}

@incollection{bittner_theory_2008,
	address = {Frankfurt am Main},
	series = {Metaphysical research},
	title = {A {Theory} of {Granular} {Partitions}},
	url = {https://www.degruyter.com/document/doi/10.1515/9783110324860.125/pdf},
	urldate = {2024-01-31},
	booktitle = {Applied {Ontology}: {An} {Introduction}},
	publisher = {Ontos Verlag},
	author = {Bittner, Thomas and Smith, Barry},
	editor = {Munn, Katherine and Smith, Barry},
	year = {2008},
	doi = {10.1515/9783110324860.125},
}

@phdthesis{borst_construction_1997,
	title = {Construction of {Engineering} {Ontologies} for {Knowledge} {Sharing} and {Reuse}},
	url = {https://research.utwente.nl/en/publications/construction-of-engineering-ontologies-for-knowledge-sharing-and-},
	urldate = {2024-01-31},
	school = {University of Twente, Centre for Telematics and Information Technology (CTIT)},
	author = {Borst, W. N.},
	year = {1997},
}

@article{cumpa_structure_2019,
	title = {Structure and {Completeness}: {A} {Defense} of {Factualism} in {Categorial} {Ontology}},
	volume = {34},
	shorttitle = {Structure and {Completeness}},
	url = {https://doi.org/10.1007/s12136-019-00380-6},
	doi = {10.1007/s12136-019-00380-6},
	number = {2},
	urldate = {2024-01-31},
	journal = {Acta Analytica},
	author = {Cumpa, Javier},
	year = {2019},
	pages = {145--153},
}

@incollection{yourdon_humble_1979,
	address = {New York, N.Y},
	title = {The {Humble} {Programmer}. {Turing} {Award} {Lecture}},
	url = {http://archive.org/details/classicsinsoftwa00your},
	urldate = {2024-01-31},
	booktitle = {Classics in {Software} {Engineering}},
	publisher = {Yourdon Press},
	author = {Dijkstra, Edsger W.},
	editor = {Yourdon, Edward},
	year = {1979},
	pages = {113--128},
}

@article{fiddaman_razor_2018,
	title = {The {Razor} and the {Laser}},
	volume = {59},
	url = {https://onlinelibrary.wiley.com/doi/10.1111/phib.12128},
	doi = {10.1111/phib.12128},
	number = {3},
	urldate = {2024-01-31},
	journal = {Analytic Philosophy},
	author = {Fiddaman, Mark and Rodriguez‐Pereyra, Gonzalo},
	year = {2018},
	pages = {341--358},
}

@article{floyd_assigning_1967,
	title = {Assigning {Meanings} to {Programs}},
	volume = {19},
	url = {http://laser.cs.umass.edu/courses/cs521-621.Spr06/papers/Floyd.pdf},
	journal = {Proceedings of Symposium on Applied Mathematics},
	author = {Floyd, Robert W.},
	year = {1967},
	pages = {19--32},
}

@book{gelernter_machine_1998,
	address = {New York},
	title = {Machine {Beauty}: {Elegance} and the {Heart} of {Technology}},
	shorttitle = {Machine {Beauty}},
	url = {http://archive.org/details/machinebeautyele00gele},
	urldate = {2024-01-31},
	publisher = {Basic Books},
	author = {Gelernter, David Hillel},
	year = {1998},
}

@incollection{munn_primer_2008,
	address = {Frankfurt am Main},
	title = {A {Primer} on {Knowledge} {Representation} and {Ontological} {Engineering}},
	url = {https://www.degruyter.com/document/doi/10.1515/9783110324860.57/html},
	urldate = {2024-01-31},
	booktitle = {Applied {Ontology}},
	publisher = {Ontos Verlag},
	author = {Grenon, Pierre},
	editor = {Munn, Katherine and Smith, Barry},
	year = {2008},
	doi = {10.1515/9783110324860.57},
	pages = {57--82},
}

@article{gruber_translation_1993,
	title = {A translation approach to portable ontology specifications},
	volume = {5},
	url = {https://www.sciencedirect.com/science/article/pii/S1042814383710083},
	doi = {10.1006/knac.1993.1008},
	number = {2},
	urldate = {2024-01-31},
	journal = {Knowledge Acquisition},
	author = {Gruber, Thomas R.},
	year = {1993},
	pages = {199--220},
}

@incollection{de_mol_elegance_2018,
	address = {Cham},
	series = {Philosophical {Studies} {Series}},
	title = {Elegance in {Software}},
	volume = {133},
	url = {http://link.springer.com/10.1007/978-3-319-97226-8_10},
	urldate = {2024-01-31},
	booktitle = {Reflections on {Programming} {Systems}},
	publisher = {Springer International Publishing},
	author = {Hill, Robin K.},
	editor = {De Mol, Liesbeth and Primiero, Giuseppe},
	year = {2018},
	doi = {10.1007/978-3-319-97226-8_10},
	pages = {273--286},
}

@article{hoare_emperors_1981,
	title = {The {Emperor}'s {Old} {Clothes} [{The} 1980 {ACM} {Turing} {Award} {Lecture}]},
	volume = {24},
	url = {https://dl.acm.org/doi/10.1145/358549.358561},
	doi = {10.1145/358549.358561},
	number = {2},
	urldate = {2024-01-31},
	journal = {Communications of the ACM},
	author = {Hoare, Charles Antony Richard},
	year = {1981},
	pages = {75--83},
}

@incollection{jaziri_ontology_2010,
	title = {Ontology {Theory}, {Management} and {Design}: {An} {Overview} and {Future} {Directions}},
	shorttitle = {Ontology {Theory}, {Management} and {Design}},
	url = {https://www.igi-global.com/chapter/ontology-theory-management-design/www.igi-global.com/chapter/ontology-theory-management-design/42884},
	urldate = {2024-01-31},
	booktitle = {Ontology {Theory}, {Management} and {Design}: {Advanced} {Tools} and {Models}},
	publisher = {IGI Global},
	author = {Jaziri, Wassim and Gargouri, Faiez},
	editor = {Jaziri, Wassim and Gargouri, Faiez},
	year = {2010},
	doi = {10.4018/978-1-61520-859-3.ch002},
	pages = {27--77},
}

@book{laurini_geographic_2017,
	address = {London},
	title = {Geographic {Knowledge} {Infrastructure}: {Applications} to {Territorial} {Intelligence} and {Smart} {Cities}},
	shorttitle = {Geographic {Knowledge} {Infrastructure}},
	publisher = {ISTE Press - Elsevier},
	author = {Laurini, Robert},
	year = {2017},
}

@article{neches_enabling_1991,
	title = {Enabling {Technology} for {Knowledge} {Sharing}},
	volume = {12},
	url = {https://ojs.aaai.org/aimagazine/index.php/aimagazine/article/view/902},
	doi = {10.1609/aimag.v12i3.902},
	number = {3},
	urldate = {2024-02-01},
	journal = {AI Magazine},
	author = {Neches, Robert and Fikes, Richard E. and Finin, Tim and Gruber, Thomas and Patil, Ramesh and Senator, Ted and Swartout, William R.},
	year = {1991},
	note = {Number: 3},
	pages = {36--36},
}

@techreport{noy_ontology_2003,
	address = {Stanford, CA},
	title = {Ontology {Development} 101: {A} {Guide} to {Creating} {Your} {First} {Ontology}},
	url = {http://www.ksl.stanford.edu/KSL_Abstracts/KSL-01-05.html},
	urldate = {2024-02-01},
	institution = {Stanford University},
	author = {Noy, Natalya F and McGuinness, Deborah L},
	year = {2003},
}

@book{oram_beautiful_2007,
	address = {Beijing ; Sebastapol, Calif},
	edition = {1},
	series = {Theory in practice series},
	title = {Beautiful code},
	publisher = {O'Reilly},
	editor = {Oram, Andrew and Wilson, Greg},
	year = {2007},
	note = {OCLC: ocn163289538},
}

@book{parsons_philosophy_2015,
	address = {Cambridge},
	title = {The {Philosophy} of {Design}},
	publisher = {Polity press},
	author = {Parsons, Glenn},
	year = {2015},
}

@book{pawson_minimum_1998,
	address = {London},
	title = {Minimum},
	publisher = {Phaidon Press},
	author = {Pawson, John},
	year = {1998},
}

@article{schaffer_what_2015,
	title = {What {Not} to {Multiply} {Without} {Necessity}},
	volume = {93},
	url = {http://www.tandfonline.com/doi/full/10.1080/00048402.2014.992447},
	doi = {10.1080/00048402.2014.992447},
	number = {4},
	urldate = {2024-02-01},
	journal = {Australasian Journal of Philosophy},
	author = {Schaffer, Jonathan},
	year = {2015},
	pages = {644--664},
}

@incollection{floridi_ontology_2004,
	address = {Malden, Mass.},
	edition = {1},
	series = {Blackwell philosophy guides},
	title = {Ontology},
	number = {14},
	booktitle = {The {Blackwell} guide to the philosophy of computing and information},
	publisher = {Blackwell},
	author = {Smith, Barry},
	editor = {Floridi, Luciano},
	year = {2004},
	pages = {155--166},
}

@book{sober_simplicity_1975,
	address = {Oxford},
	title = {Simplicity},
	url = {https://academic.oup.com/book/5161},
	urldate = {2024-02-01},
	publisher = {Oxford University Press},
	author = {Sober, Elliott},
	year = {1975},
	doi = {10.1093/acprof:oso/9780198244073.001.0001},
	doi = {10.1093/acprof:oso/9780198244073.001.0001},
}

@incollection{sober_what_2002,
	address = {Cambridge},
	title = {What is the {Problem} of {Simplicity}?},
	booktitle = {Simplicity, {Inference}, and {Modelling}},
	publisher = {Cambridge University Press},
	author = {Sober, Elliott},
	editor = {Zellner, Arnold and Keuzenkamp, Hugo A. and McAleer, Michael},
	year = {2002},
	pages = {13--32},
}

@incollection{swartout_toward_1997,
	address = {Stanford, CA},
	title = {Toward {Distributed} {Use} of {Large}-{Scale} {Ontologies}},
	booktitle = {{AAAI} symposium on ontological engineering},
	author = {Swartout, Bill and Patil, Ramesh and Knight, Kevin and Russ, Tom},
	year = {1997},
	pages = {138--148},
}

@book{tambassi_philosophy_2021,
	address = {Cham},
	series = {{SpringerBriefs} in {Geography}},
	title = {The {Philosophy} of {Geo}-{Ontologies}: {Applied} {Ontology} of {Geography}},
	shorttitle = {The {Philosophy} of {Geo}-{Ontologies}},
	url = {https://link.springer.com/10.1007/978-3-030-78145-3},
	urldate = {2024-02-01},
	publisher = {Springer International Publishing},
	author = {Tambassi, Timothy},
	year = {2021},
	doi = {10.1007/978-3-030-78145-3},
}

@article{tambassi_ontologie_2015,
	title = {Ontologie informatiche della geografia. {Una} sistematizzazione del dibattito contemporaneo},
	url = {https://journals.openedition.org/estetica/447},
	doi = {10.4000/estetica.447},
	number = {58},
	urldate = {2024-02-01},
	journal = {Rivista di estetica},
	author = {Tambassi, Timothy and Magro, Diego},
	year = {2015},
	note = {Number: 58
Publisher: Lexis Sas},
	pages = {191--205},
}

@book{turner_computational_2018,
	address = {Berlin, Heidelberg},
	title = {Computational {Artifacts}: {Towards} a {Philosophy} of {Computer} {Science}},
	shorttitle = {Computational {Artifacts}},
	url = {http://link.springer.com/10.1007/978-3-662-55565-1},
	urldate = {2024-02-01},
	publisher = {Springer},
	author = {Turner, Raymond},
	year = {2018},
	doi = {10.1007/978-3-662-55565-1},
}

@incollection{uschold_framework_1999,
	address = {Stockholm},
	title = {A {Framework} for {Understanding} and {Classifying} {Ontology} {Applications}},
	booktitle = {Proceedings of the {IJCAI99} {Workshop} on {Ontologies} and {Problem}-{Solving} {Method}},
	author = {Uschold, Mike and Box, P O and Usa, Wa},
	year = {1999},
}

@book{van_inwagen_ontology_2001,
	address = {Cambridge, U.K. ; New York},
	series = {Cambridge studies in {Philosophy}},
	title = {Ontology, identity, and modality: essays in metaphysics},
	shorttitle = {Ontology, identity, and modality},
	publisher = {Cambridge University Press},
	author = {Van Inwagen, Peter},
	year = {2001},
}

@incollection{wirth_design_1974,
	title = {On the {Design} of {Programming} {Languages}},
	url = {https://web.eecs.umich.edu/~bchandra/courses/papers/Wirth_Design.pdf},
	urldate = {2024-02-01},
	booktitle = {Proc. {IFICP} {Congress} 74},
	author = {Wirth, N.},
	year = {1974},
	pages = {386--393},
}

@book{lando_ontologia_2010,
	address = {Rome},
	title = {Ontologia. {Un}'introduzione},
	publisher = {Carocci},
	author = {Lando, Giorgio},
	year = {2010},
}
