
@article{polak_u_2011,
	title = {U źródeł krakowskiej filozofii przyrody},
	volume = {6},
	url = {https://www.researchgate.net/publication/262363588_U_zrodel_krakowskiej_filozofii_przyrody},
	journal = {Studia z Filozofii Polskiej},
	author = {Polak, Paweł},
	year = {2011},
	pages = {135--153},
}

@article{heller_jak_1986,
	title = {Jak możliwa jest ,,filozofia w nauce''?},
	volume = {22},
	number = {1},
	journal = {Studia Philosophiae Christianae},
	author = {Heller, Michał},
	year = {1986},
	pages = {7--19},
}

@article{fulinski_o_1993,
	title = {O chaosie i przypadku, a także o determinizmie, redukcjonizmie i innych grzechach fizyków czyli o zmianach w obrazie świata widzianych okiem jednego z nich},
	volume = {XLV},
	number = {456(5)},
	journal = {Znak},
	author = {Fuliński, Andrzej},
	year = {1993},
	pages = {31--49},
}

@article{heller_poczatki_2006,
	title = {Początki filozofii przyrody w {Ośrodku} {Badań} {Interdyscyplinarnych} w {Krakowie} ({The} {beginnings} of the {Center} for {Interdisciplinary} {Studies} in {Cracow})},
	volume = {54},
	url = {http://www.jstor.org/stable/43409838},
	number = {2},
	urldate = {2016-09-14},
	journal = {Roczniki Filozoficzne},
	author = {Heller, Michał and Mączka, Janusz},
	year = {2006},
	pages = {49--62},
}

@book{heller_wierze_2016,
	address = {Kraków},
	title = {Wierzę, żeby rozumieć: w osobistej rozmowie o życiowych wyborach},
	shorttitle = {Wierzę, żeby rozumieć},
	publisher = {Wydawnictwo Znak},
	author = {Heller, Michał},
	collaborator = {Bonowicz, Wojciech and Brożek, Bartosz and Liana, Zbigniew},
	year = {2016},
}

@book{heller_czy_1998,
	address = {Tarnów},
	title = {Czy fizyka jest nauką humanistyczną?},
	publisher = {Biblos},
	author = {Heller, Michał},
	year = {1998},
}

@incollection{polak_tradycja_2018,
	address = {Kraków},
	title = {Tradycja krakowskiej filozofii w nauce: między {XIX} a {XXI} wiekiem ({Tradition} of {Krakow} philosophy in science: since 19th to 21st century)},
	booktitle = {40 lat filozofii w uczelni papieskiej w {Krakowie}},
	publisher = {Wydawnictwo Naukowe UPJPII},
	author = {Polak, Paweł},
	editor = {Jagiełło, Jarosław},
	year = {2018},
	note = {1.11 ark},
	pages = {491--514},
}

@book{zycinski_swiat_2013,
	address = {Kraków},
	edition = {2\textsuperscript{nd} ed},
	title = {Świat matematyki i jej materialnych cieni},
	publisher = {Copernicus Center Press},
	author = {Życiński, Józef},
	year = {2013},
}

@incollection{polak_19th_2011,
	address = {Kraków},
	title = {19th {Century} {Beginnings} of the {Kraków} {Philosophy} of {Nature}},
	booktitle = {Philosophy in {Science}. {Methods} and {Applications}},
	publisher = {Copernicus Center Press},
	author = {Polak, Paweł},
	editor = {Brożek, B. and Mączka, J. and Grygiel, W.P.},
	year = {2011},
	pages = {325--333},
}

@article{liana_z_1999,
	title = {Z kroniki {OBI}},
	number = {25},
	journal = {Philosophical Problems in Science (Zagadnienia Filozoficzne w Nauce)},
	author = {Liana, Zbigniew and Mączka, Janusz},
	year = {1999},
	pages = {133--152},
}

@book{zycinski_teizm_1988,
	address = {Kraków},
	title = {Teizm i filozofia analityczna. {T}. 2},
	publisher = {Znak},
	author = {Życiński, Józef},
	year = {1988},
}

@book{zycinski_granice_1993,
	address = {Warszawa},
	title = {Granice racjonalności: eseje z filozofii nauki},
	shorttitle = {Granice racjonalności},
	publisher = {Wydaw. Naukowe PWN},
	author = {Życiński, Józef},
	year = {1993},
}

@article{polak_philosophy_2019,
	title = {Philosophy in science: {A} name with a long intellectual tradition},
	shorttitle = {Philosophy in science},
	url = {https://zfn.edu.pl/index.php/zfn/article/view/472},
	number = {66},
	urldate = {2021-10-06},
	journal = {Philosophical Problems in Science (Zagadnienia Filozoficzne w Nauce)},
	author = {Polak, Paweł},
	year = {2019},
	pages = {251--270},
}

@article{heller_how_2019,
	title = {How is philosophy in science possible?},
	url = {https://zfn.edu.pl/index.php/zfn/article/view/482},
	number = {66},
	urldate = {2021-10-06},
	journal = {Philosophical Problems in Science (Zagadnienia Filozoficzne w Nauce)},
	author = {Heller, Michael},
	year = {2019},
	pages = {231--249},
}

@book{heller_krakowska_2007,
	address = {Kraków : Tarnów},
	series = {Źródła: {Filozofia} {Przyrody}, {Filozofia} {Nauki}},
	title = {Krakowska filozofia przyrody w okresie międzywojennym. {T}. 1: {Początki}},
	volume = {1},
	shorttitle = {Krakowska filozofia przyrody w okresie międzywojennym. {T}. 1},
	number = {3},
	publisher = {Ośrodek Badań Interdyscyplinarnych przy Wydziale Filozoficznym Papieskiej Akademii Teologicznej; Wydawnictwo Diecezji Tarnowskiej Biblos},
	editor = {Heller, Michał and Mączka, Janusz},
	year = {2007},
}

@book{trombik_koncepcje_2021,
	address = {Kraków},
	title = {Koncepcje filozofii przyrody w {Papieskiej} {Akademii} {Teologicznej} w {Krakowie} w latach 1978-1993: studium historyczno-filozoficzne},
	shorttitle = {Koncepcje filozofii przyrody w {Papieskiej} {Akademii} {Teologicznej} w {Krakowie} w latach 1978-1993},
	publisher = {Wydawnictwo ``Scriptum''},
	author = {Trombik, Kamil},
	year = {2021},
}

@article{polak_science-religion_2021,
	title = {The science-religion relationship in the academic debate in {Poland}, 1945-1998},
	volume = {17},
	url = {http://www.ejst.tuiasi.ro/Files/91/1_Polak%20&%20Rodzen.pdf},
	number = {6},
	urldate = {2022-12-20},
	journal = {European Journal of Science and Theology},
	author = {Polak, Paweł and Rodzeń, Jacek},
	year = {2021},
	pages = {1--17},
}

@book{snow_dwie_1999,
	address = {Warszawa},
	series = {Klasycy {Nauki}},
	title = {Dwie kultury},
	publisher = {Prószyński i S-ka},
	author = {Snow, Charles Percy},
	translator = {Baszniak, Tadeusz},
	year = {1999},
}

@article{trombik_origin_2019,
	title = {The origin and development of the {Center} for {Interdisciplinary} {Studies}. {A} historical outline by 1993},
	url = {https://zfn.edu.pl/index.php/zfn/article/view/474},
	number = {66},
	urldate = {2021-10-07},
	journal = {Philosophical Problems in Science (Zagadnienia Filozoficzne w Nauce)},
	author = {Trombik, Kamil Piotr},
	year = {2019},
	pages = {271--295},
}

@book{zycinski_wszechswiat_2009,
	address = {Lublin},
	series = {Filozofia {Przyrody} i {Nauk} {Przyrodniczych}},
	title = {Wszechświat emergentny: {Bóg} w ewolucji przyrody},
	shorttitle = {Wszechświat emergentny},
	number = {4},
	publisher = {Wydawnictwo KUL},
	author = {Życiński, Józef},
	year = {2009},
}

@article{polak_krakow_2022,
	title = {The {Kraków} {School} of {Philosophy} in {Science}: {Profiting} from {Two} {Traditions}},
	doi = {10.14394/edufil.2022.0023},
	number = {2(74)},
	journal = {Edukacja Filozoficzna},
	author = {Polak, Paweł and Trombik, Kamil},
	year = {2022},
	pages = {205--229},
}

@article{trombik_teologia_2022,
	title = {Teologia nauki – propozycja nowego otwarcia teologii na nauki},
	volume = {54},
	url = {https://pressto.amu.edu.pl/index.php/cis/article/view/37280},
	doi = {10.14746/cis.2022.54.4},
	urldate = {2023-02-13},
	journal = {Człowiek i Społeczeństwo},
	author = {Trombik, Kamil and Polak, Paweł},
	year = {2022},
	pages = {49--64},
}

@article{trombik_stworzyc_2022,
	title = {Stworzyć płaszczyznę wolności myśli. {Wkład} {Karola} {Wojtyły} w powstanie {Wydziału} {Filozoficznego} {Papieskiej} {Akademii} {Teologicznej} w {Krakowie}},
	url = {https://doi.org/10.12887/35-2022-1-137-15},
	doi = {10.12887/35-2022-1-137-15},
	number = {35(2022) 1(137)},
	urldate = {2023-03-31},
	journal = {Ethos Kwartalnik Instytutu Jana Pawła II KUL},
	author = {Trombik, Kamil},
	year = {2022},
	pages = {255--276},
}

@book{zycinski_trzy_1990,
	address = {Poznań},
	title = {Trzy kultury: nauki przyrodnicze, humanistyka i myśl chrześcijańska / {Józef} Życiński.},
	shorttitle = {Trzy kultury},
	publisher = {W Drodze},
	author = {Życiński, Józef},
	collaborator = {{Wydawnictwo Polskiej Prowincji Dominikanów "W drodze"}},
	year = {1990},
}

@book{zycinski_inspiracje_2000,
	address = {Lublin},
	title = {Inspiracje chrześcijańskie w powstaniu nauki nowożytnej},
	publisher = {Redakcja Wydawnictw Katolickiego Uniwersytetu Lubelskiego},
	author = {Życiński, Józef},
	year = {2000},
}

@article{zycinski_rola_2011,
	title = {Rola determinacji odgórnej i konwergencji biologicznej w ewolucji {Wszechświata} [{The} {Role} of the {Downward} {Causality} and of {Biological} {Convergence} in the {Evolution} of the {Universe}]},
	volume = {59},
	url = {https://ojs.tnkul.pl/index.php/rf/article/view/12403},
	number = {2},
	urldate = {2023-11-11},
	journal = {Roczniki Filozoficzne},
	author = {Życiński, Józef},
	year = {2011},
	note = {Number: 2},
	pages = {367--378},
}

@article{fulinski_fluktuujacy_2017,
	title = {Fluktuujący świat {Mariana} {Smoluchowskiego}},
	url = {https://zfn.edu.pl/index.php/zfn/article/view/393},
	number = {62},
	urldate = {2023-11-11},
	journal = {Philosophical Problems in Science (Zagadnienia Filozoficzne w Nauce)},
	author = {Fuliński, Andrzej},
	year = {2017},
	note = {Number: 62},
	pages = {127--138},
}

@article{fulinski_slabe_2015,
	title = {Słabe łamanie ergodyczności vs. determinizm [{Weak} ergodicity breaking vs. determinism of physical processes]},
	url = {https://zfn.edu.pl/index.php/zfn/article/view/182},
	number = {59},
	urldate = {2023-11-11},
	journal = {Philosophical Problems in Science (Zagadnienia Filozoficzne w Nauce)},
	author = {Fuliński, Andrzej},
	year = {2015},
	note = {Number: 59},
	pages = {83--100},
}

@article{glodz_zfwn_1999,
	title = {{ZFwN} a {OBI}: dwom panom służyć},
	number = {25},
	journal = {Zagadnienia Filozoficzne w Nauce},
	author = {Głódź, Małgorzata},
	year = {1999},
	pages = {16--19},
}

@book{jawor_etyka_2016,
	address = {Olsztyn},
	title = {Etyka o współczesności, współczesność w etyce},
	publisher = {Wydawnictwo UWM},
	editor = {Jawor, Marek and Sepczyńska, Dorota and Stoiński, Andrzej},
	year = {2016},
}

@incollection{jawor_zrodlodpowiedzialnosci_2016,
	address = {Olsztyn},
	title = {Źródła odpowiedzialności. {Próba} refleksji systematycznej},
	booktitle = {Etyka o współczesności, współczesność w etyce},
	publisher = {Wydawnictwo UWM},
	author = {Biegalska, A.},
	editor = {Jawor, Marek and Sepczyńska, Dorota and Stoiński, Andrzej},
	year = {2016},
	pages = {97--108},
}

@book{bugajak_tajemnice_2019,
	address = {Warszawa},
	edition = {Wydanie II, zmienione.},
	title = {Tajemnice natury: zarys filozofii przyrody},
	shorttitle = {Tajemnice natury},
	publisher = {Wydawnictwo Naukowe UKSW},
	author = {Bugajak, Grzegorz and Kukowski, Jarosław and Latawiec, Anna and Lemańska, Anna and Ługowska, Danuta and Świeżyński, Adam},
	year = {2019},
}

@article{doliwa_o_2009,
	title = {O sporze o powszechniki. {Implikacje} ontologii nominalizmu},
	volume = {9},
	url = {https://repozytorium.uwb.edu.pl/jspui/handle/11320/9417},
	doi = {10.15290/baj.2009.09.04},
	urldate = {2023-11-13},
	journal = {Białostockie Archiwum Językowe},
	author = {Doliwa, Katarzyna},
	year = {2009},
	note = {Accepted: 2020-09-22T12:34:38Z
Publisher: Wydawnictwo Uniwersytetu w Białymstoku},
	pages = {43--57},
}

@incollection{janik_fizyka_1981,
	address = {Rome},
	title = {Fizyka w kontekście kultury},
	booktitle = {Nauka, religia, dzieje: seminarium w {Castel} {Gandolfo} 16-19 sierpnia 1980 roku.},
	publisher = {s.n.},
	author = {Fuliński, Andrzej},
	editor = {Janik, Jerzy},
	year = {1981},
	pages = {13--33},
}

@incollection{janik_z_1984,
	address = {Kraków},
	title = {Z punktu widzenia termodynamiki – konieczność i przypadek},
	booktitle = {Nauka - religia - dzieje: {II} {Seminarium} {Interdyscyplinarne} w {Castel} {Gandolfo}, 6-9 września 1982 roku},
	publisher = {Wydział Filozoficzny Towarzystwa Jezusowego},
	author = {Fuliński, Andrzej},
	editor = {Janik, Jerzy Antoni and Lenartowicz, Piotr},
	year = {1984},
	pages = {72--79},
}

@incollection{janik_o_1988,
	address = {Kraków},
	series = {Teksty i {Studia} / {Wydział} {Filozoficzny} {Towarzystwa} {Jezusowego} w {Krakowie}; nr 19},
	title = {O matematyczności świata},
	booktitle = {Nauka - religia - dzieje: {IV} {Seminarium} interdyscyplinarne w {Castel} {Gandolfo}, 6-8 sierpnia 1986},
	publisher = {Wydział Filozoficzny Towarzystwa Jezusowego},
	author = {Fuliński, Andrzej},
	editor = {Janik, Jerzy Antoni and Lenartowicz, Piotr},
	year = {1988},
	pages = {51--72},
}

@incollection{janik_glos_1988,
	address = {Kraków},
	series = {Teksty i {Studia} / {Wydział} {Filozoficzny} {Towarzystwa} {Jezusowego} w {Krakowie}; nr 19},
	title = {[{Głos} w dyskusji] {Dyskusja} po referacie {A}. {Fulińskiego} „{O} matematyczności przyrody”},
	booktitle = {Nauka - religia - dzieje: {IV} {Seminarium} interdyscyplinarne w {Castel} {Gandolfo}, 6-8 sierpnia 1986},
	publisher = {Wydział Filozoficzny Towarzystwa Jezusowego},
	author = {Fuliński, Andrzej},
	editor = {Janik, Jerzy Antoni and Lenartowicz, Piotr},
	year = {1988},
	pages = {213--222},
}

@article{fulinski_maszyna_1989,
	title = {Maszyna czy myśl? [recenzja: {M}. {Heller}, {J}. Życiński, {Filozofia} mechanicyzmu, {Kraków} 1988]},
	volume = {25},
	url = {https://bazhum.muzhp.pl/media//files/Studia_Philosophiae_Christianae/Studia_Philosophiae_Christianae-r1989-t25-n2/Studia_Philosophiae_Christianae-r1989-t25-n2-s226-230/Studia_Philosophiae_Christianae-r1989-t25-n2-s226-230.pdf},
	urldate = {2023-11-13},
	journal = {Studia Philosophiae Christianae},
	author = {Fuliński, Andrzej},
	year = {1989},
	pages = {226--230},
}

@incollection{janik_czesc_1990,
	address = {Kraków},
	series = {Teksty i {Studia} / {Wydział} {Filozoficzny} {Towarzystwa} {Jezusowego} w {Krakowie}, 24},
	title = {Część i całość (równoważne sposoby opisu i redukcjonizm – w oczach fizyka)},
	booktitle = {Nauka - religia - dzieje: {V} {Seminarium} {Interdyscyplinarne} w {Castel} {Gandolfo}, 8-11 sierpnia 1988},
	publisher = {Wydział Filozoficzny Towarzystwa Jezusowego},
	author = {Fuliński, Andrzej},
	editor = {Janik, Jerzy Antoni and Lenartowicz, Piotr},
	year = {1990},
	pages = {181--191},
}

@incollection{janik_glos_1990,
	address = {Kraków},
	series = {Teksty i {Studia} / {Wydział} {Filozoficzny} {Towarzystwa} {Jezusowego} w {Krakowie}, 24},
	title = {[{Głos} w dyskusji] {Dyskusja} po referatach {W}. {Kołosa}, {A}. {Fulińskiego} i {J}. {Janika}},
	booktitle = {Nauka - religia - dzieje: {V} {Seminarium} {Interdyscyplinarne} w {Castel} {Gandolfo}, 8-11 sierpnia 1988},
	publisher = {Wydział Filozoficzny Towarzystwa Jezusowego},
	author = {Fuliński, Andrzej},
	editor = {Janik, Jerzy Antoni and Lenartowicz, Piotr},
	year = {1990},
	pages = {181--191},
}

@incollection{heller_watpliwosci_1990,
	address = {Kraków},
	title = {Wątpliwości fizyka},
	booktitle = {Matematyczność przyrody},
	publisher = {Ośrodek Badań Interdyscyplinarnych przy Wydziale Filozofii Papieskiej Akademii Teologicznej},
	author = {Fuliński, Andrzej},
	editor = {Heller, Michał and Życiński, Józef},
	year = {1990},
	pages = {72--75},
}

@incollection{heller_co_1991,
	address = {Kraków},
	title = {Co jak istnieje? {Z} punktu widzenia fizyka},
	booktitle = {Spór o uniwersalia a nauka współczesna: sympozjum, {Kraków} 11-12 maja 1990 / pod red. {Michała} {Hellera}, {Włodzimierza} {Skocznego} i {Józefa} {Życińskiego}},
	publisher = {Ośrodek Badań Interdyscyplinarnych przy Wydziale Filozofii Papieskiej Akademii Teologicznej},
	author = {Fuliński, Andrzej},
	editor = {Heller, Michał and Skoczny, Włodzimierz ) and Życiński, Józef},
	year = {1991},
	pages = {81--85},
}

@article{fulinski_glos_1991,
	title = {[{Głos} w dyskusji] {Między} wiedzieć i wierzyć},
	number = {428 (1)},
	journal = {Znak},
	author = {Fuliński, Andrzej},
	year = {1991},
	pages = {29--42},
}

@article{fulinski_glos_1995,
	title = {[{Głos} w dyskusji] {Racjonalność}-{Falsyfikowalność}-{Kosmologia}},
	volume = {3},
	url = {https://www.fn.uw.edu.pl/index.php/fn/article/view/956},
	number = {1-2},
	urldate = {2023-11-13},
	journal = {Filozofia Nauki},
	author = {Fuliński, Andrzej and Heller, Michał and Kałuszyńska, Elżbieta and Kijowski, Jerzy and Staruszkiewicz, Andrzej},
	year = {1995},
	note = {Number: 1-2},
	pages = {143--182},
}

@incollection{wszolek_o_1996,
	address = {Tarnów},
	title = {O czasie i świadomości},
	booktitle = {Przestrzenie księdza {Cogito}: księdzu {Michałowi} {Hellerowi} w sześćdziesiątą rocznicę urodzin},
	publisher = {Biblos},
	author = {Fuliński, Andrzej},
	editor = {Wszołek, Stanisław},
	year = {1996},
	pages = {58--63},
}

@book{heller_filozofia_2004,
	address = {Kraków},
	series = {Kompendia {Filozoficzne}},
	title = {Filozofia przyrody: zarys historyczny},
	shorttitle = {Filozofia przyrody},
	publisher = {Znak},
	author = {Heller, Michał},
	year = {2004},
	note = {Publication Title: Filozofia przyrody : zarys historyczny},
}

@article{nowina_konopka_kontakty_2020,
	title = {Kontakty {Jana} {Pawła} {II} z fizykami},
	volume = {63},
	number = {3},
	journal = {Postępy Techniki Jądrowej},
	author = {Nowina Konopka, Małgorzata},
	year = {2020},
	pages = {28--34},
}

@article{lemanska_determinizm_1996,
	title = {Determinizm przyrodniczy a chaos deterministyczny},
	volume = {32},
	number = {1},
	journal = {Studia Philosophiae Christianae},
	author = {Lemanska, Anna},
	year = {1996},
	note = {Publisher: Wydawnictwo Uniwersytetu Kardyna{\textbackslash}la Stefana Wyszyńskiego W Warszawie},
	pages = {203--211},
}

@incollection{janik_nauka_1981,
	address = {Rome},
	title = {Nauka – religia – dzieje},
	booktitle = {Nauka, religia, dzieje: seminarium w {Castel} {Gandolfo} 16-19 sierpnia 1980 roku.},
	publisher = {s.n.},
	author = {Janik, Jerzy},
	editor = {Janik, Jerzy},
	year = {1981},
	pages = {5--12},
}

@article{heller_jan_2020,
	title = {Jan {Paweł} {II} i polskie przemiany},
	url = {http://www.pauza.krakow.pl/514_2020.pdf},
	number = {514},
	urldate = {2023-11-13},
	journal = {PAUza Akademicka},
	author = {Heller, Michał},
	year = {2020},
	pages = {9},
}

@book{janik_nauka_1998,
	address = {Kraków},
	series = {Varia / {Uniwersytet} {Jagielloński}},
	title = {Nauka - religia - dzieje: {IX} {Seminarium} w {Castel} {Gandolfo}, 5-7 sierpnia 1997},
	shorttitle = {Nauka - religia - dzieje},
	publisher = {Wydawnictwo Uniwersytetu Jagiellońskiego},
	editor = {Janik, Jerzy Antoni},
	year = {1998},
	note = {Series Number: 394},
}

@incollection{janik_fizyka_1998,
	address = {Kraków},
	series = {Varia / {Uniwersytet} {Jagielloński}},
	title = {Fizyka a wolny wybór},
	booktitle = {Nauka - religia - dzieje: {IX} {Seminarium} w {Castel} {Gandolfo}, 5-7 sierpnia 1997},
	publisher = {Wydawnictwo Uniwersytetu Jagiellońskiego},
	author = {Fuliński, Andrzej},
	editor = {Janik, Jerzy Antoni},
	year = {1998},
	note = {Series Number: 394},
	pages = {45--56},
}

@book{heller_jednosc_2003,
	address = {Tarnów},
	title = {Jedność nauki - jedność świata?},
	shorttitle = {Jedność nauki - jedność świata?},
	publisher = {Wydawnictwo Diecezji Tarnowskiej Biblos},
	author = {Heller, Michał and Mączka, Janusz},
	year = {2003},
}

@book{heller_jednosc_2003-1,
	address = {Tarnów},
	title = {Jedność nauki - jedność świata? / pod red. {Michała} {Hellera} i {Janusza} {Mączki}.},
	shorttitle = {Jedność nauki - jedność świata?},
	publisher = {Wydawnictwo Diecezji Tarnowskiej Biblos},
	author = {Heller, Michał ) and Mączka, Janusz and {Papieska Akademia Teologiczna (Kraków) Wydział Filozofii Ośrodek Badań Interdyscyplinarnych} and {Wydawnictwo Diecezji Tarnowskiej Biblos}},
	year = {2003},
}

@incollection{heller_jednosc_2003-2,
	address = {Tarnów},
	title = {Jedność czy redukcjonizm, czyli o zakusach fizyki wobec innych nauk},
	booktitle = {Jedność nauki - jedność świata?},
	publisher = {Wydawnictwo Diecezji Tarnowskiej Biblos},
	author = {Fuliński, Andrzej},
	editor = {Heller, Michał and Mączka, Janusz},
	year = {2003},
	pages = {63--68},
}

@incollection{janik_czas_2004,
	address = {Kraków},
	series = {Varia / {Uniwersytet} {Jagielloński}},
	title = {Czas i problemy pokrewne},
	shorttitle = {Nauka, religia, dzieje},
	booktitle = {Nauka, religia, dzieje: czas, wieczność, nieskończoność : {XII} {Seminarium} w {Castel} {Gandolfo}, 5-7 sierpnia 2003},
	publisher = {Wydawnictwo Uniwersytetu Jagiellońskiego},
	author = {Fuliński, Andrzej},
	editor = {Janik, Jerzy Antoni},
	year = {2004},
	note = {Series Number: 406},
	pages = {89--95},
}

@incollection{wojtowicz_determinizm_2005,
	address = {Poznań},
	title = {Determinizm fizyki versus wolna wola człowieka},
	booktitle = {Determinizm, przypadek, wolność: teksty wykładów wygłoszonych na sympozjum naukowym zorganizowanym przez {Oddział} {Polskiej} {Akademii} {Nauk} i {Wydział} {Teologiczny} {UAM} w {Poznaniu} dnia 30 listopada 2004 roku},
	publisher = {Ośrodek Wydawnictw Naukowych},
	author = {Fuliński, Andrzej},
	editor = {Wójtowicz, Andrzej},
	year = {2005},
	pages = {\mbox{27--38}},
}

@article{fulinski_czy_2010,
	title = {Czy istnieje przypadek?: skąd się biorą tzw. zjawiska losowe?},
	volume = {4},
	shorttitle = {Czy istnieje przypadek?},
	journal = {Prace Komisji Filozofii Nauk Przyrodniczych},
	author = {Fuliński, Andrzej},
	year = {2010},
	pages = {117--140},
}

@incollection{janik_nowa_1990,
	address = {Kraków},
	series = {Teksty i {Studia} / {Wydział} {Filozoficzny} {Towarzystwa} {Jezusowego} w {Krakowie}, 24},
	title = {Nowa fizyka – perspektywy trwającej rewolucji},
	booktitle = {Nauka - religia - dzieje: {V} {Seminarium} {Interdyscyplinarne} w {Castel} {Gandolfo}, 8-11 sierpnia 1988},
	publisher = {Wydział Filozoficzny Towarzystwa Jezusowego},
	author = {Heller, Michał},
	editor = {Janik, Jerzy Antoni and Lenartowicz, Piotr},
	year = {1990},
	pages = {66--83},
}

@book{fulinski_profesor_2015,
	address = {Kraków},
	title = {Profesor {Jerzy} {A}. {Janik} 1927-2012: uczony - myśliciel - mistrz: materiały z sesji w dniu 12 kwietnia 2013, poświęconej pamięci {Profesora} w pierwszą rocznicę {Jego} śmierci},
	shorttitle = {Profesor {Jerzy} {A}. {Janik} 1927-2012},
	publisher = {Polska Akademia Umiejętności},
	editor = {Fuliński, Andrzej and Maślanka, Krzysztof Dominik},
	year = {2015},
}

@book{snow_two_2008,
	address = {Cambridge},
	edition = {11\textsuperscript{th} ed},
	title = {The {Two} {Cultures}},
	publisher = {Cambridge Univ. Press},
	author = {Snow, C. P.},
	editor = {Collini, Stefan},
	year = {2008},
}

@article{snow_two_1959,
	title = {Two {cultures}},
	volume = {130},
	url = {https://www.jstor.org/stable/1758035},
	number = {3373},
	urldate = {2024-01-27},
	journal = {Science},
	author = {Snow, C. P.},
	year = {1959},
	note = {Publisher: American Association for the Advancement of Science},
	pages = {419--419},
}

@article{PolakRodzen2023,
author = {Paweł Polak and Jacek Rodzeń},
title = {The theory of relativity and theology: The neo-thomist science–theology separation vs. {Michael} {Heller’s} path to dialogue},
journal = {Theology and Science},
volume = {21},
number = {1},
pages = {157--174},
year = {2023},
publisher = {Routledge},
doi = {10.1080/14746700.2022.2155917},
}
